

<record>
  <leader>     cz  a22     n  4500</leader>
  <controlfield tag="001">xx0252629</controlfield>
  <controlfield tag="003">CZ PrNK</controlfield>
  <controlfield tag="005">20201012090037.0</controlfield>
  <controlfield tag="008">201009|n|aznnnaabn           n a|a      </controlfield>
  <datafield tag="040" ind1=" " ind2=" ">
    <subfield code="a">ABG001</subfield>
    <subfield code="b">cze</subfield>
    <subfield code="d">ABA001</subfield>
    <subfield code="e">rda</subfield>
  </datafield>
  <datafield tag="046" ind1=" " ind2=" ">
    <subfield code="f">1986</subfield>
  </datafield>
  <datafield tag="100" ind1="0" ind2=" ">
    <subfield code="a">Nofreeusernames,</subfield>
    <subfield code="d">1986-</subfield>
    <subfield code="7">xx0252629</subfield>
  </datafield>
  <datafield tag="MOR" ind1="0" ind2=" ">
    <subfield code="a">Nofreeusernames</subfield>
    <subfield code="7">xx0252629</subfield>
  </datafield>
  <datafield tag="368" ind1=" " ind2=" ">
    <subfield code="d">Mgr.</subfield>
  </datafield>
  <datafield tag="370" ind1=" " ind2=" ">
    <subfield code="a">Moskva, Rusko</subfield>
    <subfield code="c">Česko</subfield>
    <subfield code="f">Vsetín, Česko</subfield>
  </datafield>
  <datafield tag="372" ind1=" " ind2=" ">
    <subfield code="a">literární činnost</subfield>
    <subfield code="a">nakladatelství a vydavatelství</subfield>
    <subfield code="a">marketingový management</subfield>
    <subfield code="a">výchova a vzdělávání</subfield>
    <subfield code="a">knihovnictví</subfield>
  </datafield>
  <datafield tag="374" ind1=" " ind2=" ">
    <subfield code="a">knihovnice</subfield>
    <subfield code="a">vysokoškolské učitelky</subfield>
    <subfield code="a">manažerky</subfield>
  </datafield>
  <datafield tag="375" ind1=" " ind2=" ">
    <subfield code="a">žena</subfield>
  </datafield>
  <datafield tag="377" ind1=" " ind2=" ">
    <subfield code="a">cze</subfield>
  </datafield>
  <datafield tag="500" ind1="1" ind2=" ">
    <subfield code="w">r</subfield>
    <subfield code="i">Skutečné jméno:</subfield>
    <subfield code="a">Biernátová Zbranek, Olga,</subfield>
    <subfield code="d">1986-</subfield>
    <subfield code="7">js20091229001</subfield>
  </datafield>
  <datafield tag="670" ind1=" " ind2=" ">
    <subfield code="a">Nofreeusernames: Navždycky, 2020</subfield>
    <subfield code="b">autoritní forma, odkaz viz, biografické údaje</subfield>
  </datafield>
  <datafield tag="670" ind1=" " ind2=" ">
    <subfield code="a">www(Olga Zbranek Biernátová. In: LinkedIn.com), cit. 9. 10. 2020</subfield>
    <subfield code="b">biografické údaje</subfield>
  </datafield>
  <datafield tag="678" ind1="0" ind2=" ">
    <subfield code="a">Narozena 15. 7. 1986 v Moskvě. Marketingová specialistka v nakladatelství, přednášející social media marketing na vysoké škole, dříve knihovnice a informační pracovnice. Autorka románu pro dívky.</subfield>
  </datafield>
  <datafield tag="906" ind1=" " ind2=" ">
    <subfield code="a">za20201009</subfield>
    <subfield code="b">xjiva</subfield>
  </datafield>
  <datafield tag="906" ind1=" " ind2=" ">
    <subfield code="a">oz20201012</subfield>
    <subfield code="b">adpi</subfield>
    <subfield code="c">Záhlaví - datum narození, záhlaví - oprava indikátoru, odkaz viz též - doplnění podpole 7, pole 375, 377 - nově, biografická poznámka - dopnění</subfield>
  </datafield>
</record>