

<record>
  <leader>     nz  a22     n  4500</leader>
  <controlfield tag="001">aun20201088693</controlfield>
  <controlfield tag="003">CZ PrNK</controlfield>
  <controlfield tag="005">20201012093254.0</controlfield>
  <controlfield tag="008">201012|n|aznnnaabn           n a|a      </controlfield>
  <datafield tag="040" ind1=" " ind2=" ">
    <subfield code="a">ABA001</subfield>
    <subfield code="b">cze</subfield>
    <subfield code="e">rda</subfield>
  </datafield>
  <datafield tag="100" ind1="1" ind2=" ">
    <subfield code="a">Jevreinov, Nikolaj Nikolajevič,</subfield>
    <subfield code="d">1879-1953.</subfield>
    <subfield code="t">Predstavlenije ljubvi</subfield>
    <subfield code="7">aun20201088693</subfield>
  </datafield>
  <datafield tag="400" ind1="1" ind2=" ">
    <subfield code="a">Jevreinov, Nikolaj Nikolajevič,</subfield>
    <subfield code="d">1879-1953.</subfield>
    <subfield code="t">Predstavlenije o ljubvi</subfield>
    <subfield code="0">o</subfield>
  </datafield>
  <datafield tag="667" ind1=" " ind2=" ">
    <subfield code="a">RSL uvádí název: Predstavlenije o ljubvi.</subfield>
  </datafield>
  <datafield tag="670" ind1=" " ind2=" ">
    <subfield code="a">RSL, cit. 12. 10. 2020</subfield>
  </datafield>
  <datafield tag="670" ind1=" " ind2=" ">
    <subfield code="a">www(Vikipedija, svobodnaja ènciklopedija), cit. 12. 10. 2020</subfield>
  </datafield>
  <datafield tag="670" ind1=" " ind2=" ">
    <subfield code="a">Nikolaj Jevreinov :k 130-letiju so dnja roždenija : po materialam naučnoj konferencii, sostojavšejsja 16 fevralja 2009 g. Sankt-Peterburg : Rossijskij institut istorii iskusstv, 2012</subfield>
  </datafield>
  <datafield tag="906" ind1=" " ind2=" ">
    <subfield code="a">br20201012</subfield>
    <subfield code="b">blau</subfield>
  </datafield>
  <datafield tag="906" ind1=" " ind2=" ">
    <subfield code="a">ks20201012</subfield>
    <subfield code="b">blau</subfield>
  </datafield>
</record>