

<record>
  <leader>     nz  a22     n  4500</leader>
  <controlfield tag="001">aun20201088702</controlfield>
  <controlfield tag="003">CZ PrNK</controlfield>
  <controlfield tag="005">20201012100923.0</controlfield>
  <controlfield tag="008">201012|n|aznnnaabn           n a|a      </controlfield>
  <datafield tag="040" ind1=" " ind2=" ">
    <subfield code="a">ABA001</subfield>
    <subfield code="b">cze</subfield>
    <subfield code="e">rda</subfield>
  </datafield>
  <datafield tag="100" ind1="1" ind2=" ">
    <subfield code="a">Johns, William Earl,</subfield>
    <subfield code="d">1893-1968.</subfield>
    <subfield code="t">Camels are coming.</subfield>
    <subfield code="l">Česky</subfield>
    <subfield code="7">aun20201088702</subfield>
  </datafield>
  <datafield tag="667" ind1=" " ind2=" ">
    <subfield code="a">Úplný název: The Camels are coming.</subfield>
  </datafield>
  <datafield tag="670" ind1=" " ind2=" ">
    <subfield code="a">www(Wikipedia, the free encyclopedia)</subfield>
  </datafield>
  <datafield tag="670" ind1=" " ind2=" ">
    <subfield code="a">www.biggles.com</subfield>
  </datafield>
  <datafield tag="670" ind1=" " ind2=" ">
    <subfield code="a">In: Biggles od velbloudích stíhaček / W. E. Johns. Praha : Prostor, 2019</subfield>
  </datafield>
  <datafield tag="680" ind1=" " ind2=" ">
    <subfield code="i">Vyšlo společně s "Biggles of the Camel squadron" pod českým názvem "Biggles od velbloudích stíhaček".</subfield>
  </datafield>
  <datafield tag="906" ind1=" " ind2=" ">
    <subfield code="a">br20201012</subfield>
    <subfield code="b">juri</subfield>
  </datafield>
  <datafield tag="906" ind1=" " ind2=" ">
    <subfield code="a">ks20201012</subfield>
    <subfield code="b">juri</subfield>
  </datafield>
</record>