

<record>
  <leader>     nz  a22     n  4500</leader>
  <controlfield tag="001">kon20201088740</controlfield>
  <controlfield tag="003">CZ PrNK</controlfield>
  <controlfield tag="005">20201012104842.0</controlfield>
  <controlfield tag="008">201012|n|aznnnaabn           n a|a      </controlfield>
  <datafield tag="040" ind1=" " ind2=" ">
    <subfield code="a">ABA001</subfield>
    <subfield code="b">cze</subfield>
    <subfield code="e">rda</subfield>
  </datafield>
  <datafield tag="110" ind1="2" ind2=" ">
    <subfield code="a">Spolek proti týrání zvířat (Praha, Česko).</subfield>
    <subfield code="t">Výroční zpráva (Spolek proti týrání zvířat (Praha, Česko))</subfield>
    <subfield code="7">kon20201088740</subfield>
  </datafield>
  <datafield tag="410" ind1="2" ind2=" ">
    <subfield code="a">Spolek proti týrání zvířat (Praha, Česko).</subfield>
    <subfield code="t">Zpráva o působení českého Spolku proti týrání zvířat</subfield>
    <subfield code="0">o</subfield>
  </datafield>
  <datafield tag="670" ind1=" " ind2=" ">
    <subfield code="a">... zpráva o působení českého Spolku proti týrání zvířat. V Praze : [nakladatel není známý], [1857-1870?]</subfield>
  </datafield>
  <datafield tag="906" ind1=" " ind2=" ">
    <subfield code="a">br20201012</subfield>
    <subfield code="b">juri</subfield>
  </datafield>
  <datafield tag="906" ind1=" " ind2=" ">
    <subfield code="a">ks20201012</subfield>
    <subfield code="b">juri</subfield>
  </datafield>
</record>