

<record>
  <leader>     nz  a22     n  4500</leader>
  <controlfield tag="001">ntk20201088741</controlfield>
  <controlfield tag="003">CZ PrNK</controlfield>
  <controlfield tag="005">20201013150940.0</controlfield>
  <controlfield tag="008">201012|n|aznnnaabn           n a|a      </controlfield>
  <datafield tag="024" ind1="7" ind2=" ">
    <subfield code="a">0000000004181524</subfield>
    <subfield code="2">isni</subfield>
  </datafield>
  <datafield tag="024" ind1="7" ind2=" ">
    <subfield code="a">Q55903524</subfield>
    <subfield code="2">wikidata</subfield>
  </datafield>
  <datafield tag="040" ind1=" " ind2=" ">
    <subfield code="a">ABA013</subfield>
    <subfield code="b">cze</subfield>
    <subfield code="d">ABA001</subfield>
    <subfield code="e">rda</subfield>
  </datafield>
  <datafield tag="046" ind1=" " ind2=" ">
    <subfield code="f">1677</subfield>
    <subfield code="g">1764</subfield>
  </datafield>
  <datafield tag="100" ind1="1" ind2=" ">
    <subfield code="a">Wrisberg, Rudolph Johann von,</subfield>
    <subfield code="d">1677-1764</subfield>
    <subfield code="7">ntk20201088741</subfield>
  </datafield>
  <datafield tag="368" ind1=" " ind2=" ">
    <subfield code="c">Freiherr</subfield>
  </datafield>
  <datafield tag="370" ind1=" " ind2=" ">
    <subfield code="a">Wrisbergholzen, Sibbesse, Německo</subfield>
    <subfield code="c">Německo</subfield>
    <subfield code="f">Celle, Německo</subfield>
    <subfield code="f">Wetzlar, Německo</subfield>
    <subfield code="f">Lipsko, Německo</subfield>
    <subfield code="f">Hannover, Německo</subfield>
    <subfield code="f">Řezno, Německo</subfield>
  </datafield>
  <datafield tag="372" ind1=" " ind2=" ">
    <subfield code="a">právo</subfield>
    <subfield code="a">soudnictví</subfield>
    <subfield code="a">diplomacie</subfield>
    <subfield code="a">politika</subfield>
  </datafield>
  <datafield tag="374" ind1=" " ind2=" ">
    <subfield code="a">právníci</subfield>
    <subfield code="a">soudci</subfield>
    <subfield code="a">diplomaté</subfield>
    <subfield code="a">politici</subfield>
    <subfield code="a">sběratelé</subfield>
  </datafield>
  <datafield tag="375" ind1=" " ind2=" ">
    <subfield code="a">muž</subfield>
  </datafield>
  <datafield tag="377" ind1=" " ind2=" ">
    <subfield code="a">ger</subfield>
    <subfield code="a">lat</subfield>
  </datafield>
  <datafield tag="400" ind1="1" ind2=" ">
    <subfield code="a">Wrisberg, Rudolf Johann von,</subfield>
    <subfield code="d">1677-1764</subfield>
    <subfield code="0">o</subfield>
  </datafield>
  <datafield tag="400" ind1="1" ind2=" ">
    <subfield code="a">Wriesberg, Rudolph Johann von,</subfield>
    <subfield code="d">1677-1764</subfield>
    <subfield code="0">o</subfield>
  </datafield>
  <datafield tag="400" ind1="1" ind2=" ">
    <subfield code="a">Wriesberg, Rudolff Johann von,</subfield>
    <subfield code="d">1677-1764</subfield>
    <subfield code="0">o</subfield>
  </datafield>
  <datafield tag="400" ind1="1" ind2=" ">
    <subfield code="a">Wrießberg, Rudolph Johann von,</subfield>
    <subfield code="d">1677-1764</subfield>
    <subfield code="0">o</subfield>
  </datafield>
  <datafield tag="400" ind1="1" ind2=" ">
    <subfield code="a">Wrisberg, Rudolphus Joannes a,</subfield>
    <subfield code="d">1677-1764</subfield>
    <subfield code="0">o</subfield>
  </datafield>
  <datafield tag="400" ind1="1" ind2=" ">
    <subfield code="a">Wrisberg, Rudolphus Johannes a,</subfield>
    <subfield code="d">1677-1764</subfield>
    <subfield code="0">o</subfield>
  </datafield>
  <datafield tag="400" ind1="1" ind2=" ">
    <subfield code="a">Wrißberg, Rudolph Johann von,</subfield>
    <subfield code="d">1677-1764</subfield>
    <subfield code="0">o</subfield>
  </datafield>
  <datafield tag="667" ind1=" " ind2=" ">
    <subfield code="a">http://d-nb.info/gnd/104175788.</subfield>
  </datafield>
  <datafield tag="670" ind1=" " ind2=" ">
    <subfield code="a">Die harmonische Verhältniß, wonach alle reguläre Vielecke geometrice erwiesen, und in einem Circkel beschrieben werden, als den Grund der widerrechtlich verhasseten und verruffenen arithmetischen QUADRATUR des Circkels, untersuchet und erweiset zum Vorschmack ANDREAS CLAVIUS ... Franckfurth und Leipzig, 1755. [Dedikace]: ... Herrn RUDOLPH JOHANN Frey-Herrn von WRISBERG ...</subfield>
    <subfield code="u">http://resolver.sub.uni-goettingen.de/purl?PPN615895387</subfield>
  </datafield>
  <datafield tag="670" ind1=" " ind2=" ">
    <subfield code="a">DNB, cit. 12. 10. 2020</subfield>
    <subfield code="b">autoritní forma, odkazy viz, datum a místo narození a datum úmrtí, místa činnosti, pole 368</subfield>
    <subfield code="u">http://d-nb.info/gnd/104175788</subfield>
  </datafield>
  <datafield tag="678" ind1="0" ind2=" ">
    <subfield code="a">Německý právník, soudce a diplomat, příslušník dolnosaské šlechtické rodiny Wrisbergů. Byl tajným radou hannoverského kurfiřta a pozdějšího anglického krále Jiřího I., působil též v jeho diplomatických službách. Později zastával i funkci předsedy Odvolacího soudu v Celle a vyslance Říšského sněmu v Řezně. V letech 1740-1745 si nechal postavit barokní Zámek Wrisbergholzen. V publikacích 18. století se vyskytuje také v roli dedikanta.</subfield>
  </datafield>
  <datafield tag="906" ind1=" " ind2=" ">
    <subfield code="a">za20201012</subfield>
    <subfield code="b">evbr</subfield>
  </datafield>
  <datafield tag="906" ind1=" " ind2=" ">
    <subfield code="a">ko20201012</subfield>
    <subfield code="b">evbr</subfield>
  </datafield>
  <datafield tag="906" ind1=" " ind2=" ">
    <subfield code="a">vr20201013</subfield>
    <subfield code="b">lisi</subfield>
  </datafield>
</record>