

<record>
  <leader>     nz  a22     n  4500</leader>
  <controlfield tag="001">jo20201088750</controlfield>
  <controlfield tag="003">CZ PrNK</controlfield>
  <controlfield tag="005">20201012111447.0</controlfield>
  <controlfield tag="008">201012|n|aznnnaabn           n a|a      </controlfield>
  <datafield tag="040" ind1=" " ind2=" ">
    <subfield code="a">ABA001</subfield>
    <subfield code="b">cze</subfield>
    <subfield code="e">rda</subfield>
  </datafield>
  <datafield tag="046" ind1=" " ind2=" ">
    <subfield code="f">1997</subfield>
  </datafield>
  <datafield tag="100" ind1="1" ind2=" ">
    <subfield code="a">Čivrná, Eva,</subfield>
    <subfield code="d">1997-</subfield>
    <subfield code="7">jo20201088750</subfield>
  </datafield>
  <datafield tag="368" ind1=" " ind2=" ">
    <subfield code="d">Bc., Masarykova univerzita, Fakulta sociálních studií (Genderová studia)</subfield>
    <subfield code="s">2020</subfield>
  </datafield>
  <datafield tag="370" ind1=" " ind2=" ">
    <subfield code="c">Česko</subfield>
    <subfield code="f">Brno, Česko</subfield>
  </datafield>
  <datafield tag="372" ind1=" " ind2=" ">
    <subfield code="a">sociální antropologie</subfield>
    <subfield code="a">sociologie</subfield>
    <subfield code="a">genderová studia</subfield>
    <subfield code="a">sexuální výchova</subfield>
    <subfield code="a">práva menšin</subfield>
    <subfield code="a">feminismus</subfield>
  </datafield>
  <datafield tag="373" ind1=" " ind2=" ">
    <subfield code="a">NEzávislé Sociálně Ekologické HNUTÍ</subfield>
    <subfield code="a">Amnesty International v ČR</subfield>
  </datafield>
  <datafield tag="374" ind1=" " ind2=" ">
    <subfield code="a">sociální antropoložky</subfield>
    <subfield code="a">socioložky</subfield>
    <subfield code="a">lektorky (vzdělávání)</subfield>
  </datafield>
  <datafield tag="375" ind1=" " ind2=" ">
    <subfield code="a">žena</subfield>
  </datafield>
  <datafield tag="377" ind1=" " ind2=" ">
    <subfield code="a">cze</subfield>
  </datafield>
  <datafield tag="670" ind1=" " ind2=" ">
    <subfield code="a">Jak vnímáme sexistickou reklamu?: reprezentativní výzkum postojů české veřejnosti a kvalitativní sonda do zkušenosti mladých lidí s reklamou (autorský tým: Eva Bartáková, Eva Čivrná et al.). Brno: Nesehnutí, 2019</subfield>
    <subfield code="b">autoritní forma</subfield>
  </datafield>
  <datafield tag="670" ind1=" " ind2=" ">
    <subfield code="a">www(Čivrná, Eva. Depressionista: role nemocného perspektivou genderu. Brno, 2020. Bakalářská práce. Masarykova univerzita, Fakulta sociálních studií, Katedra sociologie. In: Informační systém MUNI), cit. 12. 10. 2020</subfield>
    <subfield code="b">biografické údaje</subfield>
  </datafield>
  <datafield tag="670" ind1=" " ind2=" ">
    <subfield code="a">www(Women Deliver), cit. 12. 10. 2020</subfield>
    <subfield code="b">biografické údaje</subfield>
  </datafield>
  <datafield tag="670" ind1=" " ind2=" ">
    <subfield code="a">www(Eva Čivrná - Project developer Nora. In: LinkedIn), cit. 12. 10. 2020</subfield>
    <subfield code="b">biografické údaje</subfield>
  </datafield>
  <datafield tag="670" ind1=" " ind2=" ">
    <subfield code="a">www(Živnostenský rejstřík), cit. 12. 10. 2020</subfield>
    <subfield code="b">datum narození</subfield>
  </datafield>
  <datafield tag="678" ind1="0" ind2=" ">
    <subfield code="a">Narozena 14. 2. 1997. Sociální antropoložka, socioložka a lektorka, specializace na gender, sexuální výchovu, reprodukční zdraví a práva, práva queer a LGBT.</subfield>
  </datafield>
  <datafield tag="906" ind1=" " ind2=" ">
    <subfield code="a">br20201012</subfield>
    <subfield code="b">beba</subfield>
  </datafield>
</record>