

<record>
  <leader>     nz  a22     n  4500</leader>
  <controlfield tag="001">jo20201088765</controlfield>
  <controlfield tag="003">CZ PrNK</controlfield>
  <controlfield tag="005">20201012124016.0</controlfield>
  <controlfield tag="008">201012|n|aznnnaabn           n a|a      </controlfield>
  <datafield tag="040" ind1=" " ind2=" ">
    <subfield code="a">ABA001</subfield>
    <subfield code="b">cze</subfield>
    <subfield code="e">rda</subfield>
  </datafield>
  <datafield tag="100" ind1="1" ind2=" ">
    <subfield code="a">Andrašovová, Zuzana</subfield>
    <subfield code="7">jo20201088765</subfield>
  </datafield>
  <datafield tag="368" ind1=" " ind2=" ">
    <subfield code="d">Mgr., Masarykova univerzita, Fakulta sociálních studií (Sociologie)</subfield>
    <subfield code="s">2017</subfield>
  </datafield>
  <datafield tag="368" ind1=" " ind2=" ">
    <subfield code="d">Bc., Masarykova univerzita, Fakulta sociálních studií (Sociální antropologie a genderová studia)</subfield>
    <subfield code="s">2014</subfield>
  </datafield>
  <datafield tag="370" ind1=" " ind2=" ">
    <subfield code="c">Slovensko</subfield>
    <subfield code="c">Česko</subfield>
  </datafield>
  <datafield tag="372" ind1=" " ind2=" ">
    <subfield code="a">sociologie</subfield>
    <subfield code="a">sociální antropologie</subfield>
    <subfield code="a">genderová studia</subfield>
    <subfield code="a">neziskové organizace</subfield>
    <subfield code="a">projektový management</subfield>
  </datafield>
  <datafield tag="373" ind1=" " ind2=" ">
    <subfield code="a">NEzávislé Sociálně Ekologické HNUTÍ</subfield>
  </datafield>
  <datafield tag="374" ind1=" " ind2=" ">
    <subfield code="a">socioložky</subfield>
    <subfield code="a">sociální antropoložky</subfield>
    <subfield code="a">lektorky (vzdělávání)</subfield>
  </datafield>
  <datafield tag="375" ind1=" " ind2=" ">
    <subfield code="a">žena</subfield>
  </datafield>
  <datafield tag="377" ind1=" " ind2=" ">
    <subfield code="a">cze</subfield>
    <subfield code="a">slo</subfield>
  </datafield>
  <datafield tag="400" ind1="1" ind2=" ">
    <subfield code="a">Martanovič, Zuzana</subfield>
    <subfield code="0">o</subfield>
  </datafield>
  <datafield tag="670" ind1=" " ind2=" ">
    <subfield code="a">Pod lupou: regulace sexismu v reklamě (autorský tým: Zuzana Andrašovová et al.). Brno: Nesehnutí, 2020</subfield>
    <subfield code="b">autoritní forma</subfield>
  </datafield>
  <datafield tag="670" ind1=" " ind2=" ">
    <subfield code="a">www(Andrašovová, Zuzana. "Genderová ideológia" na Slovensku: Anti-genderové kampane vo verejnom diskurze. Brno, 2016. Diplomová práca. Masarykova univerzita, Fakulta sociálních studií, Katedra sociologie. In: Informační systém MUNI), cit. 12. 10. 2020</subfield>
    <subfield code="b">biografické údaje</subfield>
  </datafield>
  <datafield tag="670" ind1=" " ind2=" ">
    <subfield code="a">www(NESEHNUTÍ - NEzávislé Sociálně Ekologické HNUTÍ), cit. 12. 10. 2020</subfield>
    <subfield code="b">biografické údaje, odkaz viz</subfield>
  </datafield>
  <datafield tag="670" ind1=" " ind2=" ">
    <subfield code="a">www(Zuzana Andrasovova 2nd degree connection2nd Zuzana has a account Project manager in GIC NORA. In: linkedIn), cit. 12. 10. 2020</subfield>
    <subfield code="b">biografické údaje</subfield>
  </datafield>
  <datafield tag="678" ind1="0" ind2=" ">
    <subfield code="a">Socioložka, sociální antropoložka, projektová manažerka Nesehnutí, specializace na genderové nerovnosti, lidská a ženská práva.</subfield>
  </datafield>
  <datafield tag="906" ind1=" " ind2=" ">
    <subfield code="a">br20201012</subfield>
    <subfield code="b">beba</subfield>
  </datafield>
</record>