

<record>
  <leader>     nz  a22     n  4500</leader>
  <controlfield tag="001">jo20201088781</controlfield>
  <controlfield tag="003">CZ PrNK</controlfield>
  <controlfield tag="005">20201012124923.0</controlfield>
  <controlfield tag="008">201012|n|aznnnaabn           n a|a      </controlfield>
  <datafield tag="040" ind1=" " ind2=" ">
    <subfield code="a">ABA001</subfield>
    <subfield code="b">cze</subfield>
    <subfield code="e">rda</subfield>
  </datafield>
  <datafield tag="100" ind1="1" ind2=" ">
    <subfield code="a">Jašková, Alena</subfield>
    <subfield code="7">jo20201088781</subfield>
  </datafield>
  <datafield tag="368" ind1=" " ind2=" ">
    <subfield code="d">Mgr., Masarykova univerzita, Právnická fakluta, Katedra obchodního práva (Právo)</subfield>
    <subfield code="s">2020</subfield>
  </datafield>
  <datafield tag="370" ind1=" " ind2=" ">
    <subfield code="c">Česko</subfield>
  </datafield>
  <datafield tag="372" ind1=" " ind2=" ">
    <subfield code="a">právo</subfield>
    <subfield code="a">reklama a propagace</subfield>
    <subfield code="a">gender</subfield>
    <subfield code="a">sexismus</subfield>
  </datafield>
  <datafield tag="373" ind1=" " ind2=" ">
    <subfield code="a">NEzávislé Sociálně Ekologické HNUTÍ</subfield>
  </datafield>
  <datafield tag="374" ind1=" " ind2=" ">
    <subfield code="a">právničky</subfield>
  </datafield>
  <datafield tag="375" ind1=" " ind2=" ">
    <subfield code="a">žena</subfield>
  </datafield>
  <datafield tag="377" ind1=" " ind2=" ">
    <subfield code="a">cze</subfield>
  </datafield>
  <datafield tag="670" ind1=" " ind2=" ">
    <subfield code="a">Pod lupou: regulace sexismu v reklamě (autorský tým: Zuzana Andrašovová, Alena Jašková et al.). Brno: Nesehnutí, 2020</subfield>
    <subfield code="b">autoritní forma</subfield>
  </datafield>
  <datafield tag="670" ind1=" " ind2=" ">
    <subfield code="a">www(Sexistická reklama a tzv. genderové stereotypy v reklamě. Brno, 2020. Diplomová práce. Masarykova univerzita, Právnická fakluta. In: Masarykova univerzita, Právnická fakluta, Katedra obchodního práva. In: Informační systém MUNI), cit. 12. 10. 2020</subfield>
    <subfield code="b">biografické údaje</subfield>
  </datafield>
  <datafield tag="678" ind1="0" ind2=" ">
    <subfield code="a">Právnička, specializace na reklamní právo a genderové stereotypy, právní copywriterka pro Nesehnutí.</subfield>
  </datafield>
  <datafield tag="906" ind1=" " ind2=" ">
    <subfield code="a">br20201012</subfield>
    <subfield code="b">beba</subfield>
  </datafield>
</record>