

<record>
  <leader>     cz  a22     n  4500</leader>
  <controlfield tag="001">ko20201088795</controlfield>
  <controlfield tag="003">CZ PrNK</controlfield>
  <controlfield tag="005">20201013084346.0</controlfield>
  <controlfield tag="008">201012|n|aznnnaabn          ln a|a      </controlfield>
  <datafield tag="040" ind1=" " ind2=" ">
    <subfield code="a">ABA001</subfield>
    <subfield code="b">cze</subfield>
    <subfield code="d">ABA001</subfield>
    <subfield code="e">rda</subfield>
  </datafield>
  <datafield tag="110" ind1="2" ind2=" ">
    <subfield code="a">Komitet po kul‘ture Pravitel‘stva Sankt-Peterburga (Rusko)</subfield>
    <subfield code="7">ko20201088795</subfield>
  </datafield>
  <datafield tag="MOR" ind1="1" ind2=" ">
    <subfield code="a">Petrohrad (Rusko).</subfield>
    <subfield code="b">Komitet po kul‘ture</subfield>
    <subfield code="7">ko20201088795</subfield>
  </datafield>
  <datafield tag="368" ind1=" " ind2=" ">
    <subfield code="a">městské úřady</subfield>
    <subfield code="a">vládní instituce a organizace</subfield>
  </datafield>
  <datafield tag="370" ind1=" " ind2=" ">
    <subfield code="c">Rusko</subfield>
    <subfield code="e">Petrohrad, Rusko</subfield>
  </datafield>
  <datafield tag="372" ind1=" " ind2=" ">
    <subfield code="a">kultura</subfield>
    <subfield code="a">městská správa</subfield>
  </datafield>
  <datafield tag="377" ind1=" " ind2=" ">
    <subfield code="a">rus</subfield>
  </datafield>
  <datafield tag="410" ind1="2" ind2=" ">
    <subfield code="a">Committee for Culture of the Government of St. Petersburg (Rusko)</subfield>
    <subfield code="2">czeeng</subfield>
    <subfield code="0">o</subfield>
  </datafield>
  <datafield tag="410" ind1="1" ind2=" ">
    <subfield code="a">Petrohrad (Rusko).</subfield>
    <subfield code="b">Komitet po kul‘ture</subfield>
    <subfield code="0">o</subfield>
  </datafield>
  <datafield tag="410" ind1="2" ind2=" ">
    <subfield code="a">Komitet po kul‘ture Sankt-Peterburga</subfield>
    <subfield code="0">o</subfield>
  </datafield>
  <datafield tag="670" ind1=" " ind2=" ">
    <subfield code="a">Sankt-Peterburgskaja gosudarstvennaja Teatral‘naja biblioteka : 250</subfield>
  </datafield>
  <datafield tag="906" ind1=" " ind2=" ">
    <subfield code="a">za20201012</subfield>
    <subfield code="b">zuno</subfield>
  </datafield>
  <datafield tag="906" ind1=" " ind2=" ">
    <subfield code="a">oz20201013</subfield>
    <subfield code="b">svsv</subfield>
    <subfield code="c">Záhlaví - oprava; Viz - oprava; Viz - další výskyt; Další info - nově; Související místo - nově; Oblast působení - nově; Jazyk - nově</subfield>
  </datafield>
</record>