

<record>
  <leader>     nz  a22     n  4500</leader>
  <controlfield tag="001">aun20201088801</controlfield>
  <controlfield tag="003">CZ PrNK</controlfield>
  <controlfield tag="005">20201014085436.0</controlfield>
  <controlfield tag="008">201012|n|aznnnaabn           n a|a      </controlfield>
  <datafield tag="040" ind1=" " ind2=" ">
    <subfield code="a">BOA001</subfield>
    <subfield code="b">cze</subfield>
    <subfield code="d">ABA001</subfield>
    <subfield code="e">rda</subfield>
  </datafield>
  <datafield tag="100" ind1="1" ind2=" ">
    <subfield code="a">Heinlein, Robert A.</subfield>
    <subfield code="q">(Robert Anson),</subfield>
    <subfield code="d">1907-1988.</subfield>
    <subfield code="t">Have space suit-will travel.</subfield>
    <subfield code="l">Česky</subfield>
    <subfield code="7">aun20201088801</subfield>
  </datafield>
  <datafield tag="400" ind1="1" ind2=" ">
    <subfield code="a">Heinlein, Robert A.</subfield>
    <subfield code="q">(Robert Anson),</subfield>
    <subfield code="d">1907-1988.</subfield>
    <subfield code="t">Vezmi si skafandr a běž</subfield>
    <subfield code="0">o</subfield>
  </datafield>
  <datafield tag="670" ind1=" " ind2=" ">
    <subfield code="a">LC (Names), cit. 12. 10. 2020</subfield>
  </datafield>
  <datafield tag="670" ind1=" " ind2=" ">
    <subfield code="a">www(Wikipedia, the free encyclopedia), cit. 12. 10. 2020</subfield>
  </datafield>
  <datafield tag="670" ind1=" " ind2=" ">
    <subfield code="a">Heinlein, Robert A.: Vezmi si skafandr a běž. Praha : Classic And, 1997</subfield>
  </datafield>
  <datafield tag="906" ind1=" " ind2=" ">
    <subfield code="a">za20201012</subfield>
    <subfield code="b">svobal</subfield>
  </datafield>
  <datafield tag="906" ind1=" " ind2=" ">
    <subfield code="a">fr20201014</subfield>
    <subfield code="b">blau</subfield>
  </datafield>
  <datafield tag="906" ind1=" " ind2=" ">
    <subfield code="a">ks20201014</subfield>
    <subfield code="b">blau</subfield>
  </datafield>
</record>