

<record>
  <leader>     nz  a22     n  4500</leader>
  <controlfield tag="001">xx0252683</controlfield>
  <controlfield tag="003">CZ PrNK</controlfield>
  <controlfield tag="005">20201014075904.0</controlfield>
  <controlfield tag="008">201012|n|aznnnaabn           n a|a      </controlfield>
  <datafield tag="040" ind1=" " ind2=" ">
    <subfield code="a">ABA008</subfield>
    <subfield code="b">cze</subfield>
    <subfield code="d">ABA001</subfield>
    <subfield code="e">rda</subfield>
  </datafield>
  <datafield tag="100" ind1="1" ind2=" ">
    <subfield code="a">El-Lababidi, Eva</subfield>
    <subfield code="7">xx0252683</subfield>
  </datafield>
  <datafield tag="368" ind1=" " ind2=" ">
    <subfield code="d">MUDr.</subfield>
    <subfield code="s">2000</subfield>
  </datafield>
  <datafield tag="370" ind1=" " ind2=" ">
    <subfield code="c">Česko</subfield>
  </datafield>
  <datafield tag="372" ind1=" " ind2=" ">
    <subfield code="a">lékařství</subfield>
    <subfield code="a">pediatrie</subfield>
    <subfield code="a">endokrinologie</subfield>
    <subfield code="a">diabetologie</subfield>
    <subfield code="a">dětská endokrinologie</subfield>
    <subfield code="a">dětská diabetologie</subfield>
  </datafield>
  <datafield tag="374" ind1=" " ind2=" ">
    <subfield code="a">lékařky</subfield>
    <subfield code="a">pediatričky</subfield>
    <subfield code="a">endokrinoložky</subfield>
    <subfield code="a">diabetoložky</subfield>
  </datafield>
  <datafield tag="375" ind1=" " ind2=" ">
    <subfield code="a">žena</subfield>
  </datafield>
  <datafield tag="377" ind1=" " ind2=" ">
    <subfield code="a">cze</subfield>
  </datafield>
  <datafield tag="670" ind1=" " ind2=" ">
    <subfield code="a">El-Lababidi, Eva: Rostlinná strava: od batolecího věku po dospívání. Pediatrie pro praxi, 2020, roč. 21, č. 4, s. 264-269.</subfield>
    <subfield code="b">autoritní forma, titul MUDr., Ph.D., pracoviště</subfield>
  </datafield>
  <datafield tag="670" ind1=" " ind2=" ">
    <subfield code="a">www(Česká lékařská komora), cit. 12. 10. 2020</subfield>
    <subfield code="b">rok získání MUDr.</subfield>
  </datafield>
  <datafield tag="678" ind1="0" ind2=" ">
    <subfield code="a">MUDr., Ph.D., dětská endokrinoložka a diabetoložka (Klinika dětí a dorostu, 3. lékařská fakulta, Univerzita Karlova a Fakultní nemocnice, Praha; Centrum pro výzkum výživy, metabolismu a diabetu, 3. lékařská fakulta, Univerzita Karlova, Praha).</subfield>
  </datafield>
  <datafield tag="906" ind1=" " ind2=" ">
    <subfield code="a">za20201012</subfield>
    <subfield code="b">xdapi</subfield>
  </datafield>
  <datafield tag="906" ind1=" " ind2=" ">
    <subfield code="a">fr20201014</subfield>
    <subfield code="b">lisi</subfield>
  </datafield>
</record>