

<record>
  <leader>     nz  a22     n  4500</leader>
  <controlfield tag="001">jo20201088809</controlfield>
  <controlfield tag="003">CZ PrNK</controlfield>
  <controlfield tag="005">20201012140913.0</controlfield>
  <controlfield tag="008">201012|n|aznnnaabn           n a|a      </controlfield>
  <datafield tag="040" ind1=" " ind2=" ">
    <subfield code="a">ABA001</subfield>
    <subfield code="b">cze</subfield>
    <subfield code="e">rda</subfield>
  </datafield>
  <datafield tag="100" ind1="1" ind2=" ">
    <subfield code="a">Campbell, J. N.</subfield>
    <subfield code="7">jo20201088809</subfield>
  </datafield>
  <datafield tag="368" ind1=" " ind2=" ">
    <subfield code="d">M.A., University of Kentucky</subfield>
    <subfield code="d">M.A., Parson School of Design in New York City</subfield>
  </datafield>
  <datafield tag="370" ind1=" " ind2=" ">
    <subfield code="c">Spojené státy americké</subfield>
    <subfield code="f">Houston, Texas</subfield>
  </datafield>
  <datafield tag="372" ind1=" " ind2=" ">
    <subfield code="a">opioidy</subfield>
    <subfield code="a">analgetika</subfield>
    <subfield code="a">farmakologie</subfield>
    <subfield code="a">chemie</subfield>
    <subfield code="a">dějiny chemie</subfield>
    <subfield code="a">dějiny farmacie</subfield>
    <subfield code="a">dějiny vědy</subfield>
  </datafield>
  <datafield tag="374" ind1=" " ind2=" ">
    <subfield code="a">vědci</subfield>
    <subfield code="a">publicisté</subfield>
  </datafield>
  <datafield tag="375" ind1=" " ind2=" ">
    <subfield code="a">muž</subfield>
  </datafield>
  <datafield tag="377" ind1=" " ind2=" ">
    <subfield code="a">eng</subfield>
  </datafield>
  <datafield tag="670" ind1=" " ind2=" ">
    <subfield code="a">CAMPBELL, J. N. a ROONEY, Steven M. A time-release history of the opioid epidemic. Cham, Switzerland: Springer, ©2018. SpringerBriefs in molecular science, SpringerBriefs in history of chemistry</subfield>
  </datafield>
  <datafield tag="670" ind1=" " ind2=" ">
    <subfield code="a">www(A Time-Release History of the Opioid Epidemic. In: Springer), cit. 12. 10. 2020</subfield>
    <subfield code="b">biografické údaje</subfield>
  </datafield>
  <datafield tag="670" ind1=" " ind2=" ">
    <subfield code="a">LC (Names), cit. 12. 10. 2020</subfield>
    <subfield code="b">autoritní forma</subfield>
  </datafield>
  <datafield tag="678" ind1="0" ind2=" ">
    <subfield code="a">Americký historik vědy, vědecký publicista.</subfield>
  </datafield>
  <datafield tag="906" ind1=" " ind2=" ">
    <subfield code="a">br20201012</subfield>
    <subfield code="b">beba</subfield>
  </datafield>
</record>