

<record>
  <leader>     nz  a22     n  4500</leader>
  <controlfield tag="001">xx0252690</controlfield>
  <controlfield tag="003">CZ PrNK</controlfield>
  <controlfield tag="005">20201014080234.0</controlfield>
  <controlfield tag="008">201012|n|aznnnaabn           n a|a      </controlfield>
  <datafield tag="040" ind1=" " ind2=" ">
    <subfield code="a">ABA008</subfield>
    <subfield code="b">cze</subfield>
    <subfield code="d">ABA001</subfield>
    <subfield code="e">rda</subfield>
  </datafield>
  <datafield tag="100" ind1="1" ind2=" ">
    <subfield code="a">Kodytková, Aneta</subfield>
    <subfield code="7">xx0252690</subfield>
  </datafield>
  <datafield tag="368" ind1=" " ind2=" ">
    <subfield code="d">Mgr.</subfield>
    <subfield code="s">2019</subfield>
  </datafield>
  <datafield tag="370" ind1=" " ind2=" ">
    <subfield code="c">Česko</subfield>
  </datafield>
  <datafield tag="372" ind1=" " ind2=" ">
    <subfield code="a">antropologie</subfield>
    <subfield code="a">genetika</subfield>
  </datafield>
  <datafield tag="374" ind1=" " ind2=" ">
    <subfield code="a">antropoložky</subfield>
    <subfield code="a">genetičky</subfield>
  </datafield>
  <datafield tag="375" ind1=" " ind2=" ">
    <subfield code="a">žena</subfield>
  </datafield>
  <datafield tag="377" ind1=" " ind2=" ">
    <subfield code="a">cze</subfield>
  </datafield>
  <datafield tag="670" ind1=" " ind2=" ">
    <subfield code="a">Kodytková, Aneta: Analýza dat z celostátního registru pacientů léčených růstovým hormonem REPAR. Česko-slovenská pediatrie, 2020, roč. 75, č. 4, s. 205-212.</subfield>
    <subfield code="b">autoritní forma, titul Mgr., pracoviště</subfield>
  </datafield>
  <datafield tag="670" ind1=" " ind2=" ">
    <subfield code="a">www(LinkedIn), cit. 12. 10. 2020</subfield>
    <subfield code="b">rok získání Mgr., profese</subfield>
  </datafield>
  <datafield tag="678" ind1="0" ind2=" ">
    <subfield code="a">Mgr., antropoložka, genetička (Pediatrická klinika, 2. lékařská fakulta, Univerzita Karlova a Fakultní nemocnice v Motole, Praha).</subfield>
  </datafield>
  <datafield tag="906" ind1=" " ind2=" ">
    <subfield code="a">za20201012</subfield>
    <subfield code="b">xdapi</subfield>
  </datafield>
  <datafield tag="906" ind1=" " ind2=" ">
    <subfield code="a">fr20201014</subfield>
    <subfield code="b">lisi</subfield>
  </datafield>
</record>