

<record>
  <leader>     cz  a22     n  4500</leader>
  <controlfield tag="001">ko20201088829</controlfield>
  <controlfield tag="003">CZ PrNK</controlfield>
  <controlfield tag="005">20201013090404.0</controlfield>
  <controlfield tag="008">201012|n|aznnnaabn          fn a|a      </controlfield>
  <datafield tag="040" ind1=" " ind2=" ">
    <subfield code="a">ABA001</subfield>
    <subfield code="b">cze</subfield>
    <subfield code="e">rda</subfield>
  </datafield>
  <datafield tag="110" ind1="1" ind2=" ">
    <subfield code="a">Československo.</subfield>
    <subfield code="b">Policie.</subfield>
    <subfield code="b">Policejní ředitelství Praha.</subfield>
    <subfield code="b">Dopravní oddělení</subfield>
    <subfield code="7">ko20201088829</subfield>
  </datafield>
  <datafield tag="368" ind1=" " ind2=" ">
    <subfield code="a">policie</subfield>
    <subfield code="a">bezpečnostní sbory</subfield>
  </datafield>
  <datafield tag="370" ind1=" " ind2=" ">
    <subfield code="c">Česko</subfield>
    <subfield code="e">Praha, Česko</subfield>
    <subfield code="f">Československo</subfield>
  </datafield>
  <datafield tag="372" ind1=" " ind2=" ">
    <subfield code="a">dopravní policie</subfield>
  </datafield>
  <datafield tag="377" ind1=" " ind2=" ">
    <subfield code="a">cze</subfield>
  </datafield>
  <datafield tag="410" ind1="1" ind2=" ">
    <subfield code="a">Československo.</subfield>
    <subfield code="b">Policejní ředitelství Praha.</subfield>
    <subfield code="b">Dopravní oddělení</subfield>
    <subfield code="0">o</subfield>
  </datafield>
  <datafield tag="410" ind1="2" ind2=" ">
    <subfield code="a">Policejní ředitelství Praha.</subfield>
    <subfield code="b">Dopravní oddělení</subfield>
    <subfield code="0">o</subfield>
  </datafield>
  <datafield tag="410" ind1="1" ind2=" ">
    <subfield code="a">Československo.</subfield>
    <subfield code="b">Dopravní oddělení Policejního ředitelství Praha</subfield>
    <subfield code="0">o</subfield>
  </datafield>
  <datafield tag="410" ind1="2" ind2=" ">
    <subfield code="a">Dopravní oddělení Policejního ředitelství Praha</subfield>
    <subfield code="0">o</subfield>
  </datafield>
  <datafield tag="670" ind1=" " ind2=" ">
    <subfield code="a">Návrh Řádu pro dopravu na veřejných ulicích, silnicích a cestách v hlavním městě Praze</subfield>
  </datafield>
  <datafield tag="906" ind1=" " ind2=" ">
    <subfield code="a">za20201012</subfield>
    <subfield code="b">juri</subfield>
  </datafield>
  <datafield tag="906" ind1=" " ind2=" ">
    <subfield code="a">op20201013</subfield>
    <subfield code="b">svsv</subfield>
    <subfield code="c">Viz - nově; Další info - nově; Související místo - nově; Oblast působení - nově; Jazyk - nově</subfield>
  </datafield>
</record>