

<record>
  <leader>     nz  a22     n  4500</leader>
  <datafield tag="900" ind1=" " ind2=" ">
    <subfield code="a">*J-NÁVRH</subfield>
  </datafield>
  <controlfield tag="001">ola20201088830</controlfield>
  <controlfield tag="003">CZ PrNK</controlfield>
  <controlfield tag="005">20201012150936.0</controlfield>
  <controlfield tag="008">201012|n|aznnnaabn           n a|a      </controlfield>
  <datafield tag="040" ind1=" " ind2=" ">
    <subfield code="a">OLA001</subfield>
    <subfield code="b">cze</subfield>
    <subfield code="e">rda</subfield>
  </datafield>
  <datafield tag="100" ind1="1" ind2=" ">
    <subfield code="a">Fialová, Kateřina</subfield>
    <subfield code="7">ola20201088830</subfield>
  </datafield>
  <datafield tag="370" ind1=" " ind2=" ">
    <subfield code="c">Česko</subfield>
    <subfield code="f">Olomouc, Česko</subfield>
  </datafield>
  <datafield tag="372" ind1=" " ind2=" ">
    <subfield code="a">speciální pedagogika</subfield>
    <subfield code="a">raná péče</subfield>
    <subfield code="a">děti se zrakovým postižením</subfield>
    <subfield code="a">poradenství</subfield>
  </datafield>
  <datafield tag="374" ind1=" " ind2=" ">
    <subfield code="a">speciální pedagožky</subfield>
  </datafield>
  <datafield tag="375" ind1=" " ind2=" ">
    <subfield code="a">žena</subfield>
  </datafield>
  <datafield tag="377" ind1=" " ind2=" ">
    <subfield code="a">cze</subfield>
  </datafield>
  <datafield tag="670" ind1=" " ind2=" ">
    <subfield code="a">Růžička, Michal - Fialová, Kateřina ... [et al.]: Speciální pedagog a další aktéři školního poradenského pracoviště ve společném vzdělávání, 2020</subfield>
    <subfield code="b">autoritní forma, biografické údaje</subfield>
  </datafield>
  <datafield tag="670" ind1=" " ind2=" ">
    <subfield code="a">www(Společnost pro ranou péči, Pobočka Olomouc, Regionální centrum pro podporu a provázení rodin dětí s tělesným, mentálním a kombinovaným postižením), cit. 12. 10. 2020</subfield>
    <subfield code="b">autoritní forma, biografické údaje</subfield>
  </datafield>
  <datafield tag="678" ind1="0" ind2=" ">
    <subfield code="a">Mgr., speciální pedagožka, zaměřuje se ranou péči, zejména o děti s postižením zraku, ale i jinými druhy postižení.</subfield>
  </datafield>
  <datafield tag="906" ind1=" " ind2=" ">
    <subfield code="a">ko20201012</subfield>
    <subfield code="b">vepo</subfield>
  </datafield>
  <datafield tag="906" ind1=" " ind2=" ">
    <subfield code="a">ko20201012</subfield>
    <subfield code="b">vepo</subfield>
  </datafield>
</record>