

<record>
  <leader>     nz  a22     n  4500</leader>
  <datafield tag="900" ind1=" " ind2=" ">
    <subfield code="a">J-NÁVRH</subfield>
  </datafield>
  <controlfield tag="001">xx0252694</controlfield>
  <controlfield tag="003">CZ PrNK</controlfield>
  <controlfield tag="005">20201013112828.8</controlfield>
  <controlfield tag="008">201012|n|aznnnaabn           n a|a      </controlfield>
  <datafield tag="040" ind1=" " ind2=" ">
    <subfield code="a">ABG001</subfield>
    <subfield code="b">cze</subfield>
    <subfield code="e">rda</subfield>
  </datafield>
  <datafield tag="100" ind1="1" ind2=" ">
    <subfield code="a">Auci, Stefania,</subfield>
    <subfield code="d">1974-</subfield>
    <subfield code="7">xx0252694</subfield>
  </datafield>
  <datafield tag="370" ind1=" " ind2=" ">
    <subfield code="a">Trapani, Itálie</subfield>
    <subfield code="c">Itálie</subfield>
    <subfield code="f">Palermo, Itálie</subfield>
  </datafield>
  <datafield tag="372" ind1=" " ind2=" ">
    <subfield code="a">speciální pedagogika</subfield>
    <subfield code="a">blogy</subfield>
    <subfield code="a">literatura</subfield>
    <subfield code="a">literární činnost</subfield>
  </datafield>
  <datafield tag="374" ind1=" " ind2=" ">
    <subfield code="a">speciální pedagožky</subfield>
    <subfield code="a">blogerky</subfield>
    <subfield code="a">spisovatelky</subfield>
  </datafield>
  <datafield tag="375" ind1=" " ind2=" ">
    <subfield code="a">žena</subfield>
  </datafield>
  <datafield tag="377" ind1=" " ind2=" ">
    <subfield code="a">ita</subfield>
  </datafield>
  <datafield tag="670" ind1=" " ind2=" ">
    <subfield code="a">Auci, Stefania: Sicilští lvi, 2020</subfield>
    <subfield code="b">biografické údaje</subfield>
  </datafield>
  <datafield tag="670" ind1=" " ind2=" ">
    <subfield code="a">ICCU, cit. 12. 10. 2020</subfield>
    <subfield code="b">autoritní forma</subfield>
  </datafield>
  <datafield tag="670" ind1=" " ind2=" ">
    <subfield code="a">www(Databáze knih), cit. 12. 20. 2020</subfield>
    <subfield code="b">datum narození, biografické údaje</subfield>
  </datafield>
  <datafield tag="678" ind1="0" ind2=" ">
    <subfield code="a">Italská speciální pedagožka, literární blogerka, autorka on-line publikací a spisovatelka.</subfield>
  </datafield>
  <datafield tag="906" ind1=" " ind2=" ">
    <subfield code="a">za20201012</subfield>
    <subfield code="b">xhesr</subfield>
  </datafield>
  <datafield tag="906" ind1=" " ind2=" ">
    <subfield code="a">ko20201013</subfield>
    <subfield code="b">xjatr</subfield>
  </datafield>
</record>