

<record>
  <leader>     nz  a22     n  4500</leader>
  <controlfield tag="001">jo20201088853</controlfield>
  <controlfield tag="003">CZ PrNK</controlfield>
  <controlfield tag="005">20201012190310.0</controlfield>
  <controlfield tag="008">201012|n|aznnnaabn           n a|a      </controlfield>
  <datafield tag="040" ind1=" " ind2=" ">
    <subfield code="a">ABA001</subfield>
    <subfield code="b">cze</subfield>
    <subfield code="e">rda</subfield>
  </datafield>
  <datafield tag="046" ind1=" " ind2=" ">
    <subfield code="f">1959</subfield>
  </datafield>
  <datafield tag="100" ind1="1" ind2=" ">
    <subfield code="a">Martínez-Torrejón, José-Miguel,</subfield>
    <subfield code="d">1959-</subfield>
    <subfield code="7">jo20201088853</subfield>
  </datafield>
  <datafield tag="368" ind1=" " ind2=" ">
    <subfield code="d">Ph.D., University of California, Santa Barbara (Spanish and Portuguese)</subfield>
  </datafield>
  <datafield tag="370" ind1=" " ind2=" ">
    <subfield code="c">Španělsko</subfield>
  </datafield>
  <datafield tag="372" ind1=" " ind2=" ">
    <subfield code="a">romanistika</subfield>
    <subfield code="a">hispanistika</subfield>
    <subfield code="a">španělská filologie</subfield>
    <subfield code="a">španělská literatura</subfield>
    <subfield code="a">portugalská filologie</subfield>
    <subfield code="a">portugalská literatura</subfield>
    <subfield code="a">renesanční literatura</subfield>
    <subfield code="a">středověká literatura</subfield>
    <subfield code="a">literární historie</subfield>
  </datafield>
  <datafield tag="374" ind1=" " ind2=" ">
    <subfield code="a">hispanisté</subfield>
    <subfield code="a">romanisté</subfield>
    <subfield code="a">filologové</subfield>
    <subfield code="a">literární historici</subfield>
    <subfield code="a">vysokoškolští učitelé</subfield>
  </datafield>
  <datafield tag="375" ind1=" " ind2=" ">
    <subfield code="a">muž</subfield>
  </datafield>
  <datafield tag="377" ind1=" " ind2=" ">
    <subfield code="a">spa</subfield>
  </datafield>
  <datafield tag="400" ind1="1" ind2=" ">
    <subfield code="a">Martínez-Torrejón, José Miguel,</subfield>
    <subfield code="d">1959-</subfield>
    <subfield code="0">o</subfield>
  </datafield>
  <datafield tag="400" ind1="1" ind2=" ">
    <subfield code="a">Martínez-Torrejón, J. M.,</subfield>
    <subfield code="d">1959-</subfield>
    <subfield code="0">o</subfield>
  </datafield>
  <datafield tag="400" ind1="1" ind2=" ">
    <subfield code="a">Torrejón, José,</subfield>
    <subfield code="d">1959-</subfield>
    <subfield code="0">o</subfield>
  </datafield>
  <datafield tag="670" ind1=" " ind2=" ">
    <subfield code="a">SOBEJANO, Gonzalo a MARTÍNEZ-TORREJÓN, José Miguel, ed. "El pícaro hablador" y otros estudios sobre prosa narrativa del XVII. Madrid: Cátedra, ©2020</subfield>
  </datafield>
  <datafield tag="670" ind1=" " ind2=" ">
    <subfield code="a">www(City University of New York, Graduate Center - Latin American, Iberian, and Latino Cultures), cit. 12. 10. 2020</subfield>
    <subfield code="b">biografické údaje, odkaz viz</subfield>
  </datafield>
  <datafield tag="670" ind1=" " ind2=" ">
    <subfield code="a">BNE, cit. 12. 10. 2020</subfield>
    <subfield code="b">autoritní forma, odkazy viz</subfield>
  </datafield>
  <datafield tag="678" ind1="0" ind2=" ">
    <subfield code="a">Španělský hispanista, lusitanista, literární historik, vysokoškolský pedagog, specializace na španělskou a portugalskou středověkou a renesanční literaturu, koloniální historiografii a hispano-portugalské vztahy.</subfield>
  </datafield>
  <datafield tag="906" ind1=" " ind2=" ">
    <subfield code="a">br20201012</subfield>
    <subfield code="b">beba</subfield>
  </datafield>
</record>