

<record>
  <leader>     nz  a22     n  4500</leader>
  <controlfield tag="001">xx0252703</controlfield>
  <controlfield tag="003">CZ PrNK</controlfield>
  <controlfield tag="005">20201014081201.0</controlfield>
  <controlfield tag="008">201013|n|aznnnaabn           n a|a      </controlfield>
  <datafield tag="040" ind1=" " ind2=" ">
    <subfield code="a">ABA008</subfield>
    <subfield code="b">cze</subfield>
    <subfield code="d">ABA001</subfield>
    <subfield code="e">rda</subfield>
  </datafield>
  <datafield tag="100" ind1="1" ind2=" ">
    <subfield code="a">Hermanová, Barbara</subfield>
    <subfield code="7">xx0252703</subfield>
  </datafield>
  <datafield tag="368" ind1=" " ind2=" ">
    <subfield code="d">Mgr.</subfield>
    <subfield code="s">2017</subfield>
  </datafield>
  <datafield tag="370" ind1=" " ind2=" ">
    <subfield code="c">Česko</subfield>
  </datafield>
  <datafield tag="372" ind1=" " ind2=" ">
    <subfield code="a">ochrana veřejného zdraví</subfield>
    <subfield code="a">epidemiologie</subfield>
  </datafield>
  <datafield tag="375" ind1=" " ind2=" ">
    <subfield code="a">žena</subfield>
  </datafield>
  <datafield tag="377" ind1=" " ind2=" ">
    <subfield code="a">cze</subfield>
  </datafield>
  <datafield tag="670" ind1=" " ind2=" ">
    <subfield code="a">Hermanová, Barbara: Epidemiologické důkazy vlivu znečištění ovzduší na zdraví jako podklad pro vyhodnocení zdravotních dopadů na exponovanou populaci. Hygiena, 2020, roč. 65, č. 3, s. 106-114.</subfield>
    <subfield code="b">autoritní forma, pracoviště</subfield>
  </datafield>
  <datafield tag="670" ind1=" " ind2=" ">
    <subfield code="a">www(Lékařská fakulta - Ostravská univerzita), cit. 13. 10. 2020</subfield>
    <subfield code="b">titul a rok získání Mgr., specializace</subfield>
  </datafield>
  <datafield tag="678" ind1="0" ind2=" ">
    <subfield code="a">Mgr., odbornice v oboru ochrana veřejného zdraví (Centrum epidemiologického výzkumu, Ostravská univerzita, Ostrava; Ústav epidemiologie a ochrany veřejného zdraví, Ostravská univerzita, Ostrava).</subfield>
  </datafield>
  <datafield tag="906" ind1=" " ind2=" ">
    <subfield code="a">za20201013</subfield>
    <subfield code="b">xdapi</subfield>
  </datafield>
  <datafield tag="906" ind1=" " ind2=" ">
    <subfield code="a">fr20201014</subfield>
    <subfield code="b">lisi</subfield>
  </datafield>
</record>