

<record>
  <leader>     nz  a22     n  4500</leader>
  <controlfield tag="001">ko20201088877</controlfield>
  <controlfield tag="003">CZ PrNK</controlfield>
  <controlfield tag="005">20201013110415.0</controlfield>
  <controlfield tag="008">201013|n|aznnnaabn           n a|a      </controlfield>
  <datafield tag="040" ind1=" " ind2=" ">
    <subfield code="a">ABA001</subfield>
    <subfield code="b">cze</subfield>
    <subfield code="d">ABA001</subfield>
    <subfield code="e">rda</subfield>
  </datafield>
  <datafield tag="111" ind1="2" ind2=" ">
    <subfield code="a">Trestnoprávne možnosti riešenia domáceho násilia (konference)</subfield>
    <subfield code="d">(2019 :</subfield>
    <subfield code="c">Bratislava, Slovensko)</subfield>
    <subfield code="7">ko20201088877</subfield>
  </datafield>
  <datafield tag="368" ind1=" " ind2=" ">
    <subfield code="a">konference</subfield>
  </datafield>
  <datafield tag="370" ind1=" " ind2=" ">
    <subfield code="c">Slovensko</subfield>
    <subfield code="e">Bratislava, Slovensko</subfield>
  </datafield>
  <datafield tag="372" ind1=" " ind2=" ">
    <subfield code="a">domácí násilí</subfield>
    <subfield code="a">kriminologie</subfield>
    <subfield code="a">trestní právo</subfield>
    <subfield code="a">právo</subfield>
  </datafield>
  <datafield tag="377" ind1=" " ind2=" ">
    <subfield code="a">slo</subfield>
    <subfield code="a">cze</subfield>
    <subfield code="a">eng</subfield>
  </datafield>
  <datafield tag="670" ind1=" " ind2=" ">
    <subfield code="a">Polák, Peter - Tittlová, Marcela (ed.): Trestnoprávne možnosti riešenia domáceho násilia : zborník príspevkov z celoštátnej konferencie s medzinárodnou účasťou konanej dňa 25. apríla 2019</subfield>
  </datafield>
  <datafield tag="906" ind1=" " ind2=" ">
    <subfield code="a">za20201013</subfield>
    <subfield code="b">full</subfield>
  </datafield>
  <datafield tag="906" ind1=" " ind2=" ">
    <subfield code="a">vr20201013</subfield>
    <subfield code="b">svsv</subfield>
  </datafield>
</record>