

<record>
  <leader>     nz  a22     n  4500</leader>
  <datafield tag="900" ind1=" " ind2=" ">
    <subfield code="a">J-NÁVRH-STT</subfield>
  </datafield>
  <controlfield tag="001">ntk20201088878</controlfield>
  <controlfield tag="003">CZ PrNK</controlfield>
  <controlfield tag="005">20201014114025.0</controlfield>
  <controlfield tag="008">201013|n|aznnnaabn           n a|a      </controlfield>
  <datafield tag="024" ind1="7" ind2=" ">
    <subfield code="a">0000000071434392</subfield>
    <subfield code="2">isni</subfield>
  </datafield>
  <datafield tag="024" ind1="7" ind2=" ">
    <subfield code="a">Q94907682</subfield>
    <subfield code="2">wikidata</subfield>
  </datafield>
  <datafield tag="040" ind1=" " ind2=" ">
    <subfield code="a">ABA013</subfield>
    <subfield code="b">cze</subfield>
    <subfield code="e">rda</subfield>
  </datafield>
  <datafield tag="046" ind1=" " ind2=" ">
    <subfield code="f">1690</subfield>
    <subfield code="g">1757</subfield>
  </datafield>
  <datafield tag="100" ind1="1" ind2=" ">
    <subfield code="a">Schmidt, Johann Jacob,</subfield>
    <subfield code="d">1690-1757</subfield>
    <subfield code="7">ntk20201088878</subfield>
  </datafield>
  <datafield tag="370" ind1=" " ind2=" ">
    <subfield code="c">Německo</subfield>
    <subfield code="f">Pieszcz, Polsko</subfield>
    <subfield code="f">Pałowo, Polsko</subfield>
  </datafield>
  <datafield tag="372" ind1=" " ind2=" ">
    <subfield code="a">filozofie</subfield>
    <subfield code="a">teologie</subfield>
    <subfield code="a">matematika</subfield>
    <subfield code="a">fyzika</subfield>
    <subfield code="a">geografie</subfield>
    <subfield code="a">lékařství</subfield>
  </datafield>
  <datafield tag="374" ind1=" " ind2=" ">
    <subfield code="a">kazatelé</subfield>
    <subfield code="a">biblisté</subfield>
    <subfield code="a">spisovatelé</subfield>
  </datafield>
  <datafield tag="375" ind1=" " ind2=" ">
    <subfield code="a">muž</subfield>
  </datafield>
  <datafield tag="377" ind1=" " ind2=" ">
    <subfield code="a">ger</subfield>
  </datafield>
  <datafield tag="400" ind1="1" ind2=" ">
    <subfield code="a">Schmidt, Johann Jakob,</subfield>
    <subfield code="d">1690-1757</subfield>
    <subfield code="0">o</subfield>
  </datafield>
  <datafield tag="400" ind1="1" ind2=" ">
    <subfield code="a">Schmidt, Johannes Jacob,</subfield>
    <subfield code="d">1690-1757</subfield>
    <subfield code="0">o</subfield>
  </datafield>
  <datafield tag="400" ind1="1" ind2=" ">
    <subfield code="a">Schmidt, Johannes Jakob,</subfield>
    <subfield code="d">1690-1757</subfield>
    <subfield code="0">o</subfield>
  </datafield>
  <datafield tag="400" ind1="1" ind2=" ">
    <subfield code="a">Schmidius, Iohannes Iacobus,</subfield>
    <subfield code="d">1690-1757</subfield>
    <subfield code="0">o</subfield>
  </datafield>
  <datafield tag="400" ind1="1" ind2=" ">
    <subfield code="a">Schmidt, Johann J.,</subfield>
    <subfield code="d">1690-1757</subfield>
    <subfield code="0">o</subfield>
  </datafield>
  <datafield tag="667" ind1=" " ind2=" ">
    <subfield code="a">http://d-nb.info/gnd/104202408.</subfield>
  </datafield>
  <datafield tag="667" ind1=" " ind2=" ">
    <subfield code="a">DNB vede na popisovanou osobu ještě jeden duplicitní, stručný autoritní záznam (http://d-nb.info/gnd/100266843). DNB uvádí životní data „1690-1762“ s tím, že rok narození může být i 1691 a rok úmrtí 1757.</subfield>
  </datafield>
  <datafield tag="670" ind1=" " ind2=" ">
    <subfield code="a">Johann Jacob Schmidts, Predigers zu Peest und Balow, Biblischer Mathematicus Oder Erläuterung der Heil. Schrift aus den Mathematischen Wissenschaften Der Arithmetic, Geometrie, Static, Architectur, Astronomie, Horographie und Optic ... Züllichau: In Verlegung des Waysenhauses Bey Gottlob Benjamin Frommann, 1736</subfield>
    <subfield code="u">http://mdz-nbn-resolving.de/urn:nbn:de:bvb:12-bsb11285098-4</subfield>
  </datafield>
  <datafield tag="670" ind1=" " ind2=" ">
    <subfield code="a">DNB, cit. 13. 10. 2020</subfield>
    <subfield code="b">autoritní forma, odkazy viz, místa činnosti</subfield>
    <subfield code="u">http://d-nb.info/gnd/104202408</subfield>
  </datafield>
  <datafield tag="670" ind1=" " ind2=" ">
    <subfield code="a">BNPL, 13. 10. 2020</subfield>
    <subfield code="b">odkazy viz, datum narození a úmrtí</subfield>
  </datafield>
  <datafield tag="678" ind1="0" ind2=" ">
    <subfield code="a">Německý autor, který se v publikacích uváděl s afiliací „Predigers zu Peest und Balow“, tedy kazatel v Peest a Balow (v současnosti polské vesnice Pieszcz a Pałowo, okres Sławno, Západopomořanské vojvodství). V letech 1728-1750 publikoval v Německu (viz databáze VD 18) sérii děl, věnovaných výkladu vybraných přírodních věd z pozice Bible (Biblischer Mathematicus, Biblischer Physicus, Biblisher Geographus, Biblischer Medicus). Překlady těchto děl do nizozemštiny pak vycházely v letech 1762-1777 (viz databáze STCN).</subfield>
  </datafield>
  <datafield tag="906" ind1=" " ind2=" ">
    <subfield code="a">za20201013</subfield>
    <subfield code="b">evbr</subfield>
  </datafield>
  <datafield tag="906" ind1=" " ind2=" ">
    <subfield code="a">ko20201013</subfield>
    <subfield code="b">evbr</subfield>
  </datafield>
</record>