

<record>
  <leader>     nz  a22     n  4500</leader>
  <controlfield tag="001">aun20201088886</controlfield>
  <controlfield tag="003">CZ PrNK</controlfield>
  <controlfield tag="005">20201013102000.0</controlfield>
  <controlfield tag="008">201013|n|aznnnaabn           n a|a      </controlfield>
  <datafield tag="040" ind1=" " ind2=" ">
    <subfield code="a">ABA001</subfield>
    <subfield code="b">cze</subfield>
    <subfield code="e">rda</subfield>
  </datafield>
  <datafield tag="100" ind1="1" ind2=" ">
    <subfield code="a">Eliade, Mircea,</subfield>
    <subfield code="d">1907-1986.</subfield>
    <subfield code="t">Aspects du mythe.</subfield>
    <subfield code="l">Česky</subfield>
    <subfield code="7">aun20201088886</subfield>
  </datafield>
  <datafield tag="400" ind1="1" ind2=" ">
    <subfield code="a">Eliade, Mircea,</subfield>
    <subfield code="d">1907-1986.</subfield>
    <subfield code="t">Mýtus a skutečnost</subfield>
    <subfield code="0">o</subfield>
  </datafield>
  <datafield tag="400" ind1="1" ind2=" ">
    <subfield code="a">Eliade, Mircea,</subfield>
    <subfield code="d">1907-1986.</subfield>
    <subfield code="t">Podoby mýtu</subfield>
    <subfield code="0">o</subfield>
  </datafield>
  <datafield tag="670" ind1=" " ind2=" ">
    <subfield code="a">Slovník rumunských spisovatelů : Libri</subfield>
  </datafield>
  <datafield tag="670" ind1=" " ind2=" ">
    <subfield code="a">BNF, cit. 13. 10. 2020</subfield>
  </datafield>
  <datafield tag="670" ind1=" " ind2=" ">
    <subfield code="a">www(Wikipédia, l'encyclopédie libre), cit. 13. 10. 2020</subfield>
  </datafield>
  <datafield tag="670" ind1=" " ind2=" ">
    <subfield code="a">Mircea Eliade: Mýtus a skutečnost. Praha : Alpha Book : Argo, 2020</subfield>
  </datafield>
  <datafield tag="906" ind1=" " ind2=" ">
    <subfield code="a">br20201013</subfield>
    <subfield code="b">blau</subfield>
  </datafield>
  <datafield tag="906" ind1=" " ind2=" ">
    <subfield code="a">ks20201013</subfield>
    <subfield code="b">blau</subfield>
  </datafield>
</record>