

<record>
  <leader>     nz  a22     n  4500</leader>
  <datafield tag="900" ind1=" " ind2=" ">
    <subfield code="a">J-NÁVRH-STT</subfield>
  </datafield>
  <controlfield tag="001">ntk20201088888</controlfield>
  <controlfield tag="003">CZ PrNK</controlfield>
  <controlfield tag="005">20201014152442.0</controlfield>
  <controlfield tag="008">201013|n|aznnnaabn           n a|a      </controlfield>
  <datafield tag="024" ind1="7" ind2=" ">
    <subfield code="a">Q5395212</subfield>
    <subfield code="2">wikidata</subfield>
  </datafield>
  <datafield tag="040" ind1=" " ind2=" ">
    <subfield code="a">ABA013</subfield>
    <subfield code="b">cze</subfield>
    <subfield code="e">rda</subfield>
  </datafield>
  <datafield tag="046" ind1=" " ind2=" ">
    <subfield code="f">1689</subfield>
    <subfield code="g">1759</subfield>
  </datafield>
  <datafield tag="100" ind1="1" ind2=" ">
    <subfield code="a">Steinberg, Ernst von,</subfield>
    <subfield code="d">1689-1759</subfield>
    <subfield code="7">ntk20201088888</subfield>
  </datafield>
  <datafield tag="368" ind1=" " ind2=" ">
    <subfield code="d">Freiherr</subfield>
  </datafield>
  <datafield tag="370" ind1=" " ind2=" ">
    <subfield code="c">Německo</subfield>
    <subfield code="f">Londýn, Anglie</subfield>
    <subfield code="f">Hannover, Německo</subfield>
    <subfield code="f">Zerbst, Německo</subfield>
  </datafield>
  <datafield tag="372" ind1=" " ind2=" ">
    <subfield code="a">politika</subfield>
    <subfield code="a">státní správa</subfield>
  </datafield>
  <datafield tag="374" ind1=" " ind2=" ">
    <subfield code="a">politici</subfield>
    <subfield code="a">ministři</subfield>
    <subfield code="a">šlechtici</subfield>
  </datafield>
  <datafield tag="375" ind1=" " ind2=" ">
    <subfield code="a">muž</subfield>
  </datafield>
  <datafield tag="377" ind1=" " ind2=" ">
    <subfield code="a">ger</subfield>
    <subfield code="a">lat</subfield>
  </datafield>
  <datafield tag="400" ind1="1" ind2=" ">
    <subfield code="a">Steinberg, Ernestus de,</subfield>
    <subfield code="d">1689-1759</subfield>
    <subfield code="7">ntk20201088888</subfield>
    <subfield code="0">o</subfield>
  </datafield>
  <datafield tag="400" ind1="1" ind2=" ">
    <subfield code="a">Steinberg, Ernst de,</subfield>
    <subfield code="d">1689-1759</subfield>
    <subfield code="0">o</subfield>
  </datafield>
  <datafield tag="400" ind1="1" ind2=" ">
    <subfield code="a">Steinberg, Ernestus,</subfield>
    <subfield code="c">Liber Baro de,</subfield>
    <subfield code="d">1689-1759</subfield>
    <subfield code="0">o</subfield>
  </datafield>
  <datafield tag="400" ind1="1" ind2=" ">
    <subfield code="a">Steinberg, Ernestus,</subfield>
    <subfield code="c">L. B. de,</subfield>
    <subfield code="d">1689-1759</subfield>
    <subfield code="0">o</subfield>
  </datafield>
  <datafield tag="400" ind1="1" ind2=" ">
    <subfield code="a">Steinberg, Ernestus,</subfield>
    <subfield code="c">L. B. a,</subfield>
    <subfield code="d">1689-1759</subfield>
    <subfield code="0">o</subfield>
  </datafield>
  <datafield tag="667" ind1=" " ind2=" ">
    <subfield code="a">http://d-nb.info/gnd/1023887665.</subfield>
  </datafield>
  <datafield tag="667" ind1=" " ind2=" ">
    <subfield code="a">DNB uvádí jako jiný možný rok narození 1692 (tento rok uvádějí ale Wikidata na základě Wikipedie).</subfield>
  </datafield>
  <datafield tag="670" ind1=" " ind2=" ">
    <subfield code="a">Die harmonische Verhältniß, wonach alle reguläre Vielecke geometrice erwiesen, und in einem Circkel beschrieben werden, als den Grund der widerrechtlich verhasseten und verruffenen arithmetischen QUADRATUR des Circkels, untersuchet und erweiset zum Vorschmack ANDREAS CLAVIUS ... Franckfurth und Leipzig, 1755. [Dedikace]: ... Herrn ERNST Frey-Herrn von STEINBERG ...</subfield>
    <subfield code="u">http://resolver.sub.uni-goettingen.de/purl?PPN615895387</subfield>
  </datafield>
  <datafield tag="670" ind1=" " ind2=" ">
    <subfield code="a">DNB, cit. 13. 10. 2020</subfield>
    <subfield code="b">autoritní forma, odkazy viz, datum narození a úmrtí, místa činnosti</subfield>
    <subfield code="u">http://d-nb.info/gnd/1023887665</subfield>
  </datafield>
  <datafield tag="670" ind1=" " ind2=" ">
    <subfield code="a">www(Wikipedia, the free encyclopedia), cit. 13. 10. 2020</subfield>
    <subfield code="b">biografické a profesní údaje</subfield>
    <subfield code="u">https://en.wikipedia.org/wiki/Ernst_von_Steinberg</subfield>
  </datafield>
  <datafield tag="678" ind1="0" ind2=" ">
    <subfield code="a">Německý politik a diplomat, příslušník dolnosaské šlechtické rodiny Steinbergů. Absolvoval Gymnázium Illustre v Zerbstu. Byl hannoverským státníkem a ministrem vlády v Hannoveru, v letech 1737-1748 byl vedoucím německé kanceláře v Londýně. V publikacích 18. století vystupoval také v roli dedikanta.</subfield>
  </datafield>
  <datafield tag="906" ind1=" " ind2=" ">
    <subfield code="a">za20201013</subfield>
    <subfield code="b">evbr</subfield>
  </datafield>
  <datafield tag="906" ind1=" " ind2=" ">
    <subfield code="a">ko20201013</subfield>
    <subfield code="b">evbr</subfield>
  </datafield>
</record>