

<record>
  <leader>     nz  a22     n  4500</leader>
  <controlfield tag="001">ko20201088890</controlfield>
  <controlfield tag="003">CZ PrNK</controlfield>
  <controlfield tag="005">20201013103401.0</controlfield>
  <controlfield tag="008">201013|n|aznnnaabn           n a|a      </controlfield>
  <datafield tag="040" ind1=" " ind2=" ">
    <subfield code="a">ABA001</subfield>
    <subfield code="b">cze</subfield>
    <subfield code="e">rda</subfield>
  </datafield>
  <datafield tag="110" ind1="2" ind2=" ">
    <subfield code="a">Ruská lidová universita v Praze</subfield>
    <subfield code="7">ko20201088890</subfield>
  </datafield>
  <datafield tag="368" ind1=" " ind2=" ">
    <subfield code="a">univerzity</subfield>
    <subfield code="a">vzdělávací instituce a organizace</subfield>
  </datafield>
  <datafield tag="370" ind1=" " ind2=" ">
    <subfield code="c">Česko</subfield>
    <subfield code="e">Praha, Česko</subfield>
    <subfield code="f">Československo</subfield>
  </datafield>
  <datafield tag="372" ind1=" " ind2=" ">
    <subfield code="a">vysokoškolské studium</subfield>
    <subfield code="a">vzdělávání dospělých</subfield>
    <subfield code="a">Rusové</subfield>
    <subfield code="a">emigranti</subfield>
    <subfield code="a">emigrantky</subfield>
  </datafield>
  <datafield tag="377" ind1=" " ind2=" ">
    <subfield code="a">rus</subfield>
  </datafield>
  <datafield tag="410" ind1="2" ind2=" ">
    <subfield code="a">Ruská národní universita v Praze</subfield>
    <subfield code="0">o</subfield>
  </datafield>
  <datafield tag="410" ind1="2" ind2=" ">
    <subfield code="a">Ruská národní universita (Praha, Česko)</subfield>
    <subfield code="0">o</subfield>
  </datafield>
  <datafield tag="410" ind1="2" ind2=" ">
    <subfield code="a">Ruská národní univerzita v Praze</subfield>
    <subfield code="0">o</subfield>
  </datafield>
  <datafield tag="410" ind1="2" ind2=" ">
    <subfield code="a">Ruská národní univerzita (Praha, Česko)</subfield>
    <subfield code="0">o</subfield>
  </datafield>
  <datafield tag="410" ind1="2" ind2=" ">
    <subfield code="a">RNU</subfield>
    <subfield code="0">o</subfield>
  </datafield>
  <datafield tag="410" ind1="2" ind2=" ">
    <subfield code="a">Russkij narodnyj universitet (Praha, Česko)</subfield>
    <subfield code="2">czerus</subfield>
    <subfield code="0">o</subfield>
  </datafield>
  <datafield tag="410" ind1="2" ind2=" ">
    <subfield code="a">Russkij narodnyj universitet (Praha, Česko)</subfield>
    <subfield code="2">czerus</subfield>
    <subfield code="0">o</subfield>
  </datafield>
  <datafield tag="410" ind1="2" ind2=" ">
    <subfield code="a">Ruská lidová universita (Praha, Česko)</subfield>
    <subfield code="0">o</subfield>
  </datafield>
  <datafield tag="410" ind1="2" ind2=" ">
    <subfield code="a">Ruská lidová univerzita v Praze</subfield>
    <subfield code="0">o</subfield>
  </datafield>
  <datafield tag="410" ind1="2" ind2=" ">
    <subfield code="a">Ruská lidová univerzita (Praha, Česko)</subfield>
    <subfield code="0">o</subfield>
  </datafield>
  <datafield tag="510" ind1="2" ind2=" ">
    <subfield code="w">b</subfield>
    <subfield code="a">Ruská svobodná universita v Praze</subfield>
    <subfield code="7">ko20201088894</subfield>
  </datafield>
  <datafield tag="665" ind1=" " ind2=" ">
    <subfield code="a">V r. 1934 byla RNU přejmenována na Ruskou svobodnou universitu.</subfield>
  </datafield>
  <datafield tag="670" ind1=" " ind2=" ">
    <subfield code="a">www(Národní knihovna ČR - Slovanská knihovna - Mach, J.: Ruská lidová/svobodná univerzita v Praze 1923-1945), cit. 23. 7. 2020</subfield>
    <subfield code="b">autoritní forma</subfield>
    <subfield code="u">https://text.nkp.cz/slovanska-knihovna/odborne-cinnosti-publikace/odborne-projekty/prague-perspectives1/obsah-s-resume-v-cestine/res-mach</subfield>
  </datafield>
  <datafield tag="670" ind1=" " ind2=" ">
    <subfield code="a">www(Vikipedija, svobodnaja ènciklopedija - Ruská národní univerzita v Praze), cit. 13. 10. 2020</subfield>
    <subfield code="b">odkazy viz; odkaz viz též; biografické údaje</subfield>
    <subfield code="u">https://cs.wikipedia.org/wiki/Rusk%C3%A1_n%C3%A1rodn%C3%AD_univerzita_v_Praze</subfield>
  </datafield>
  <datafield tag="678" ind1=" " ind2=" ">
    <subfield code="a">Univerzita byla založena v Praze r. 1923 ruskými emigranty a exulanty, kteří z politických důvodů opustili Rusko. Cílem instituce byla pomoc ruským studentům studujícím na československých univerzitách a získání úplného vysokoškolského vzdělání mimo vlast.</subfield>
  </datafield>
  <datafield tag="906" ind1=" " ind2=" ">
    <subfield code="a">br20201013</subfield>
    <subfield code="b">svsv</subfield>
  </datafield>
</record>