

<record>
  <leader>     nz  a22     n  4500</leader>
  <controlfield tag="001">aun20201088891</controlfield>
  <controlfield tag="003">CZ PrNK</controlfield>
  <controlfield tag="005">20201013103109.0</controlfield>
  <controlfield tag="008">201013|n|aznnnaabn           n a|a      </controlfield>
  <datafield tag="040" ind1=" " ind2=" ">
    <subfield code="a">ABA001</subfield>
    <subfield code="b">cze</subfield>
    <subfield code="e">rda</subfield>
  </datafield>
  <datafield tag="100" ind1="1" ind2=" ">
    <subfield code="a">Haeften, Benedictus van,</subfield>
    <subfield code="d">1588-1648.</subfield>
    <subfield code="t">Regia via crucis.</subfield>
    <subfield code="l">Česky</subfield>
    <subfield code="7">aun20201088891</subfield>
  </datafield>
  <datafield tag="400" ind1="1" ind2=" ">
    <subfield code="a">Haeften, Benedictus van,</subfield>
    <subfield code="d">1588-1648.</subfield>
    <subfield code="t">Haeftenova Královská cesta kříže</subfield>
    <subfield code="0">o</subfield>
  </datafield>
  <datafield tag="400" ind1="1" ind2=" ">
    <subfield code="a">Haeften, Benedictus van,</subfield>
    <subfield code="d">1588-1648.</subfield>
    <subfield code="t">Královská cesta kříže</subfield>
    <subfield code="0">o</subfield>
  </datafield>
  <datafield tag="670" ind1=" " ind2=" ">
    <subfield code="a">Haeftenova Královská cesta kříže. [Frýdek] : [nakladatel není známý], 1898</subfield>
  </datafield>
  <datafield tag="670" ind1=" " ind2=" ">
    <subfield code="a">www(Wikipedia, the free encyclopedia)</subfield>
  </datafield>
  <datafield tag="670" ind1=" " ind2=" ">
    <subfield code="a">LC (Names)</subfield>
  </datafield>
  <datafield tag="906" ind1=" " ind2=" ">
    <subfield code="a">br20201013</subfield>
    <subfield code="b">juri</subfield>
  </datafield>
  <datafield tag="906" ind1=" " ind2=" ">
    <subfield code="a">ks20201013</subfield>
    <subfield code="b">juri</subfield>
  </datafield>
</record>