

<record>
  <leader>     nz  a22     n  4500</leader>
  <datafield tag="900" ind1=" " ind2=" ">
    <subfield code="a">J-NÁVRH-STT</subfield>
  </datafield>
  <controlfield tag="001">ntk20201088901</controlfield>
  <controlfield tag="003">CZ PrNK</controlfield>
  <controlfield tag="005">20201013162107.0</controlfield>
  <controlfield tag="008">201013|n|aznnnaabn           n a|a      </controlfield>
  <datafield tag="024" ind1="7" ind2=" ">
    <subfield code="a">0000000002187199</subfield>
    <subfield code="2">isni</subfield>
  </datafield>
  <datafield tag="024" ind1="7" ind2=" ">
    <subfield code="a">Q94791850</subfield>
    <subfield code="2">wikidata</subfield>
  </datafield>
  <datafield tag="040" ind1=" " ind2=" ">
    <subfield code="a">ABA013</subfield>
    <subfield code="b">cze</subfield>
    <subfield code="e">rda</subfield>
  </datafield>
  <datafield tag="046" ind1=" " ind2=" ">
    <subfield code="f">1702</subfield>
    <subfield code="g">1741</subfield>
  </datafield>
  <datafield tag="100" ind1="1" ind2=" ">
    <subfield code="a">Frommann, Gottlieb Benjamin,</subfield>
    <subfield code="d">asi 1702-1741</subfield>
    <subfield code="7">ntk20201088901</subfield>
  </datafield>
  <datafield tag="370" ind1=" " ind2=" ">
    <subfield code="c">Německo</subfield>
    <subfield code="f">Sulechów, Polsko</subfield>
  </datafield>
  <datafield tag="372" ind1=" " ind2=" ">
    <subfield code="a">knižní obchod</subfield>
    <subfield code="a">knižní produkce</subfield>
    <subfield code="a">vydávání a distribuce knih</subfield>
    <subfield code="a">prodej publikací</subfield>
    <subfield code="a">knižní kultura</subfield>
  </datafield>
  <datafield tag="374" ind1=" " ind2=" ">
    <subfield code="a">knihkupci</subfield>
    <subfield code="a">nakladatelé a vydavatelé</subfield>
  </datafield>
  <datafield tag="375" ind1=" " ind2=" ">
    <subfield code="a">muž</subfield>
  </datafield>
  <datafield tag="377" ind1=" " ind2=" ">
    <subfield code="a">ger</subfield>
  </datafield>
  <datafield tag="400" ind1="1" ind2=" ">
    <subfield code="a">Frommann, Gottlob Benjamin,</subfield>
    <subfield code="d">asi 1702-1741</subfield>
    <subfield code="0">o</subfield>
  </datafield>
  <datafield tag="400" ind1="1" ind2=" ">
    <subfield code="a">Fromman, Gottlob Benjamin,</subfield>
    <subfield code="d">asi 1702-1741</subfield>
    <subfield code="0">o</subfield>
  </datafield>
  <datafield tag="400" ind1="1" ind2=" ">
    <subfield code="a">Frommann, Gottlieb B.,</subfield>
    <subfield code="d">asi 1702-1741</subfield>
    <subfield code="0">o</subfield>
  </datafield>
  <datafield tag="510" ind1="2" ind2=" ">
    <subfield code="a">Waysenhaus- und Frommannische Handlung</subfield>
    <subfield code="7">ntk20201088977</subfield>
  </datafield>
  <datafield tag="665" ind1=" " ind2=" ">
    <subfield code="a">Vlastněná firma: Waysenhaus- und Frommannische Handlung.</subfield>
  </datafield>
  <datafield tag="667" ind1=" " ind2=" ">
    <subfield code="a">http://d-nb.info/gnd/10147816X.</subfield>
  </datafield>
  <datafield tag="670" ind1=" " ind2=" ">
    <subfield code="a">Johann Jacob Schmidts, Predigers zu Peest und Balow, Biblischer Mathematicus Oder Erläuterung der Heil. Schrift aus den Mathematischen Wissenschaften Der Arithmetic, Geometrie, Static, Architectur, Astronomie, Horographie und Optic ... Züllichau: In Verlegung des Waysenhauses Bey Gottlob Benjamin Frommann, 1736</subfield>
    <subfield code="b">odkaz viz</subfield>
    <subfield code="u">http://mdz-nbn-resolving.de/urn:nbn:de:bvb:12-bsb11285098-4</subfield>
  </datafield>
  <datafield tag="670" ind1=" " ind2=" ">
    <subfield code="a">DNB, cit. 13. 10. 2020</subfield>
    <subfield code="b">autoritní forma, odkazy viz, datum narození a úmrtí, biografické a profesní údaje</subfield>
    <subfield code="u">http://d-nb.info/gnd/10147816X</subfield>
  </datafield>
  <datafield tag="678" ind1="0" ind2=" ">
    <subfield code="a">Německý knihkupec a nakladatel, činný v pruském Züllichau (dnes Sulechów, Lubušské vojvodství, Polsko). V letech 1726-1741 založil a provozoval vlastní firmu „Waysenhaus- und Frommannische Handlung“ (byl jejím prvním ředitelem). Jeho synem byl knihkupec a nakladatel Nathanael Sigismund Frommann (činný 1757-1786).</subfield>
  </datafield>
  <datafield tag="906" ind1=" " ind2=" ">
    <subfield code="a">za20201013</subfield>
    <subfield code="b">evbr</subfield>
  </datafield>
  <datafield tag="906" ind1=" " ind2=" ">
    <subfield code="a">ko20201013</subfield>
    <subfield code="b">evbr</subfield>
  </datafield>
</record>