

<record>
  <leader>     cz  a22     n  4500</leader>
  <controlfield tag="001">uk20201088909</controlfield>
  <controlfield tag="003">CZ PrNK</controlfield>
  <controlfield tag="005">20201016131654.0</controlfield>
  <controlfield tag="008">201013|n|aznnnaabn           n a|a      </controlfield>
  <datafield tag="024" ind1="7" ind2=" ">
    <subfield code="a">0000-0002-0697-5242</subfield>
    <subfield code="2">orcid</subfield>
  </datafield>
  <datafield tag="040" ind1=" " ind2=" ">
    <subfield code="a">HKD003</subfield>
    <subfield code="b">cze</subfield>
    <subfield code="d">ABA001</subfield>
    <subfield code="e">rda</subfield>
  </datafield>
  <datafield tag="046" ind1=" " ind2=" ">
    <subfield code="f">1982</subfield>
  </datafield>
  <datafield tag="100" ind1="1" ind2=" ">
    <subfield code="a">Chlebek, Jakub,</subfield>
    <subfield code="d">1982-</subfield>
    <subfield code="7">uk20201088909</subfield>
  </datafield>
  <datafield tag="MOR" ind1="0" ind2=" ">
    <subfield code="a">Chlebek, Jakub,</subfield>
    <subfield code="d">1982</subfield>
    <subfield code="7">uk20201088909</subfield>
  </datafield>
  <datafield tag="368" ind1=" " ind2=" ">
    <subfield code="d">PharmDr.</subfield>
    <subfield code="d">Ph.D.</subfield>
  </datafield>
  <datafield tag="370" ind1=" " ind2=" ">
    <subfield code="c">Česko</subfield>
  </datafield>
  <datafield tag="372" ind1=" " ind2=" ">
    <subfield code="a">farmacie</subfield>
    <subfield code="a">farmaceutická botanika</subfield>
  </datafield>
  <datafield tag="373" ind1=" " ind2=" ">
    <subfield code="a">Univerzita Karlova. Katedra farmaceutické botaniky</subfield>
  </datafield>
  <datafield tag="374" ind1=" " ind2=" ">
    <subfield code="a">farmaceuti</subfield>
    <subfield code="a">vysokoškolští učitelé</subfield>
  </datafield>
  <datafield tag="375" ind1=" " ind2=" ">
    <subfield code="a">muž</subfield>
  </datafield>
  <datafield tag="377" ind1=" " ind2=" ">
    <subfield code="a">cze</subfield>
    <subfield code="a">eng</subfield>
  </datafield>
  <datafield tag="670" ind1=" " ind2=" ">
    <subfield code="a">Hošťálková, Anna - Chlebek, Jakub ... et al.: Boldinové alkaloidy a perspektivy jejich využití = Boldine Alkaloids and Prospects of Their Utilization. In: Chemické listy, Roč. 109, č. 11 (2015), s. 846-855</subfield>
    <subfield code="b">autoritní forma</subfield>
  </datafield>
  <datafield tag="670" ind1=" " ind2=" ">
    <subfield code="a">osobní sdělení, cit. 13. 10. 2020</subfield>
    <subfield code="b">datum narození</subfield>
  </datafield>
  <datafield tag="670" ind1=" " ind2=" ">
    <subfield code="a">www(Výzkum a vývoj léčiv | Vědecký portál - Farmaceutická fakulta UK V Hradci Králové), cit. 13. 10. 2020</subfield>
    <subfield code="b">biografické údaje</subfield>
    <subfield code="u">https://portal.faf.cuni.cz/Profile/Chlebek-Jakub/</subfield>
  </datafield>
  <datafield tag="678" ind1="0" ind2=" ">
    <subfield code="a">Narozen 1982. PharmDr., Ph.D., vysokoškolský pedagog působící v oboru farmacie, autor publikací z oboru.</subfield>
  </datafield>
  <datafield tag="906" ind1=" " ind2=" ">
    <subfield code="a">za20201013</subfield>
    <subfield code="b">kakl</subfield>
  </datafield>
  <datafield tag="906" ind1=" " ind2=" ">
    <subfield code="a">oz20201014</subfield>
    <subfield code="b">tone</subfield>
    <subfield code="c">Záhlaví - datum narození - formální oprava, 024, 368 - nově, 372 - doplnění, 373 - oprava, 374 - formální oprava, zdroj - oprava a další výskyt</subfield>
  </datafield>
  <datafield tag="906" ind1=" " ind2=" ">
    <subfield code="a">op20201016</subfield>
    <subfield code="b">tone</subfield>
    <subfield code="c">370a - zrušeno</subfield>
  </datafield>
</record>