

<record>
  <leader>     cz  a22     n  4500</leader>
  <controlfield tag="001">xx0252713</controlfield>
  <controlfield tag="003">CZ PrNK</controlfield>
  <controlfield tag="005">20201014084213.0</controlfield>
  <controlfield tag="008">201013|n|aznnnaabn           n a|a      </controlfield>
  <datafield tag="040" ind1=" " ind2=" ">
    <subfield code="a">ABA008</subfield>
    <subfield code="b">cze</subfield>
    <subfield code="d">ABA001</subfield>
    <subfield code="e">rda</subfield>
  </datafield>
  <datafield tag="100" ind1="1" ind2=" ">
    <subfield code="a">Lipovský, Dominik</subfield>
    <subfield code="7">xx0252713</subfield>
  </datafield>
  <datafield tag="368" ind1=" " ind2=" ">
    <subfield code="d">Bc.</subfield>
    <subfield code="s">2020</subfield>
  </datafield>
  <datafield tag="370" ind1=" " ind2=" ">
    <subfield code="c">Česko</subfield>
  </datafield>
  <datafield tag="372" ind1=" " ind2=" ">
    <subfield code="a">žurnalistika</subfield>
    <subfield code="a">komunikace (sdělování)</subfield>
    <subfield code="a">sociální inkluze</subfield>
  </datafield>
  <datafield tag="374" ind1=" " ind2=" ">
    <subfield code="a">novináři</subfield>
  </datafield>
  <datafield tag="375" ind1=" " ind2=" ">
    <subfield code="a">muž</subfield>
  </datafield>
  <datafield tag="377" ind1=" " ind2=" ">
    <subfield code="a">cze</subfield>
  </datafield>
  <datafield tag="670" ind1=" " ind2=" ">
    <subfield code="a">Lipovský, Dominik ... [et al.]: Various specifics of theatrotherapeutic intervention in work with client diagnosed with Asperger syndrome. Journal of Exceptional People, 2019, roč. 2, č. 15, s. 81-89.</subfield>
    <subfield code="b">autoritní forma</subfield>
  </datafield>
  <datafield tag="670" ind1=" " ind2=" ">
    <subfield code="a">www(Munimedia.cz), cit. 13. 10. 2020</subfield>
    <subfield code="b">biografické údaje</subfield>
  </datafield>
  <datafield tag="670" ind1=" " ind2=" ">
    <subfield code="a">www(Theses.cz), cit. 13. 10. 2020</subfield>
    <subfield code="b">profesní data</subfield>
  </datafield>
  <datafield tag="678" ind1="0" ind2=" ">
    <subfield code="a">Bc., absolvent oboru žurnalistika a mediální studia, zakladatel inkluzivního divadla (Tyátr ModroDiv, z. s., Zlín).</subfield>
  </datafield>
  <datafield tag="906" ind1=" " ind2=" ">
    <subfield code="a">za20201013</subfield>
    <subfield code="b">xlufr</subfield>
  </datafield>
  <datafield tag="906" ind1=" " ind2=" ">
    <subfield code="a">op20201014</subfield>
    <subfield code="b">lisi</subfield>
    <subfield code="c">Pole 372 - formální oprava</subfield>
  </datafield>
</record>