

<record>
  <leader>     cz  a22     n  4500</leader>
  <controlfield tag="001">xx0252714</controlfield>
  <controlfield tag="003">CZ PrNK</controlfield>
  <controlfield tag="005">20201014084638.0</controlfield>
  <controlfield tag="008">201013|n|aznnnaabn           n a|a      </controlfield>
  <datafield tag="040" ind1=" " ind2=" ">
    <subfield code="a">ABA008</subfield>
    <subfield code="b">cze</subfield>
    <subfield code="d">ABA001</subfield>
    <subfield code="e">rda</subfield>
  </datafield>
  <datafield tag="100" ind1="1" ind2=" ">
    <subfield code="a">Dohnalová, Lenka</subfield>
    <subfield code="7">xx0252714</subfield>
  </datafield>
  <datafield tag="368" ind1=" " ind2=" ">
    <subfield code="d">Mgr.</subfield>
    <subfield code="s">1986</subfield>
  </datafield>
  <datafield tag="368" ind1=" " ind2=" ">
    <subfield code="d">PaedDr.</subfield>
  </datafield>
  <datafield tag="370" ind1=" " ind2=" ">
    <subfield code="c">Česko</subfield>
  </datafield>
  <datafield tag="372" ind1=" " ind2=" ">
    <subfield code="a">sborový zpěv</subfield>
    <subfield code="a">muzikologie</subfield>
    <subfield code="a">bohemistika</subfield>
    <subfield code="a">pedagogika</subfield>
  </datafield>
  <datafield tag="374" ind1=" " ind2=" ">
    <subfield code="a">sbormistryně</subfield>
    <subfield code="a">muzikoložky</subfield>
    <subfield code="a">bohemistky</subfield>
    <subfield code="a">středoškolské učitelky</subfield>
  </datafield>
  <datafield tag="375" ind1=" " ind2=" ">
    <subfield code="a">žena</subfield>
  </datafield>
  <datafield tag="377" ind1=" " ind2=" ">
    <subfield code="a">cze</subfield>
  </datafield>
  <datafield tag="400" ind1="1" ind2=" ">
    <subfield code="a">Mlynářová, Lenka</subfield>
    <subfield code="0">o</subfield>
  </datafield>
  <datafield tag="667" ind1=" " ind2=" ">
    <subfield code="a">Nezaměnit s muzikoložkou Dohnalová, Lenka (1957-), (ola2004228899).</subfield>
  </datafield>
  <datafield tag="670" ind1=" " ind2=" ">
    <subfield code="a">Dohnalová, Lenka ... [et al.]: A music therapy experiment based on musical stimuli with artifi cially implemented physiological complexity in patients with dementia. Journal of Exceptional People, 2020, roč. 1, č. 16, s. 21-31.</subfield>
    <subfield code="b">autoritní forma</subfield>
  </datafield>
  <datafield tag="670" ind1=" " ind2=" ">
    <subfield code="a">www(Sbormistr - sbor-kolem.cz), cit. 13. 10. 2020</subfield>
    <subfield code="b">biografické údaje, profesní data, odkaz viz</subfield>
  </datafield>
  <datafield tag="670" ind1=" " ind2=" ">
    <subfield code="a">www(PaedDr. Lenka Dohnalová - Gymnázium Olomouc - Hejčín), cit. 13. 10. 2020</subfield>
    <subfield code="b">pracoviště</subfield>
  </datafield>
  <datafield tag="670" ind1=" " ind2=" ">
    <subfield code="a">www(PaedDr. Lenka Dohnalová - Katedra hudební výchovy PdF UP ), cit. 13. 10. 2020</subfield>
    <subfield code="b">další pracoviště</subfield>
  </datafield>
  <datafield tag="678" ind1="0" ind2=" ">
    <subfield code="a">PaedDr., středoškolská učitelka bohemistiky a hudební výchovy; též sbormistryně (Gymnázium Olomouc - Hejčín; Katedra hudební výchovy, Pedagogická fakulta UP).</subfield>
  </datafield>
  <datafield tag="906" ind1=" " ind2=" ">
    <subfield code="a">za20201013</subfield>
    <subfield code="b">xlufr</subfield>
  </datafield>
  <datafield tag="906" ind1=" " ind2=" ">
    <subfield code="a">op20201014</subfield>
    <subfield code="b">lisi</subfield>
    <subfield code="c">Biografická poznámka - oprava překlepu</subfield>
  </datafield>
</record>