

<record>
  <leader>     nz  a22     n  4500</leader>
  <controlfield tag="001">unn20201088920</controlfield>
  <controlfield tag="003">CZ PrNK</controlfield>
  <controlfield tag="005">20201013120123.0</controlfield>
  <controlfield tag="008">201013|n|acnnnaabn           n a|a      </controlfield>
  <datafield tag="040" ind1=" " ind2=" ">
    <subfield code="a">ABA001</subfield>
    <subfield code="b">cze</subfield>
  </datafield>
  <datafield tag="130" ind1=" " ind2="0">
    <subfield code="a">Baniško evangelie</subfield>
    <subfield code="7">unn20201088920</subfield>
  </datafield>
  <datafield tag="430" ind1=" " ind2="0">
    <subfield code="a">Evangelie popa Ioana</subfield>
    <subfield code="0">o</subfield>
  </datafield>
  <datafield tag="670" ind1=" " ind2=" ">
    <subfield code="a">Dogramadžieva, Ekaterina, ed. a Rajkov, Božidar Nikolov, ed. Baniško evangelie: srednobălgarski pametnik ot XIII vek. Sofija: Izdatelstvo na Bălgarskama akademija na naukite, 1981. 516 stran.</subfield>
  </datafield>
  <datafield tag="678" ind1=" " ind2=" ">
    <subfield code="a">Bulharský (střední bulharština) rukopis z konce 13. století obsahující evangelia, menologion na církevní rok a seznam evangelních čtení na dny.</subfield>
  </datafield>
  <datafield tag="856" ind1="4" ind2="2">
    <subfield code="u">https://digilib.phil.muni.cz/bitstream/handle/11222.digilib/100690/A_Linguistica_31-1983-1_12.pdf?sequence=1</subfield>
    <subfield code="4">N</subfield>
  </datafield>
  <datafield tag="906" ind1=" " ind2=" ">
    <subfield code="a">br20201013</subfield>
    <subfield code="b">irpi</subfield>
  </datafield>
</record>