

<record>
  <leader>     cz  a22     n  4500</leader>
  <controlfield tag="001">xx0252717</controlfield>
  <controlfield tag="003">CZ PrNK</controlfield>
  <controlfield tag="005">20201014085750.0</controlfield>
  <controlfield tag="008">201013|n|aznnnaabn           n a|a      </controlfield>
  <datafield tag="040" ind1=" " ind2=" ">
    <subfield code="a">ABA008</subfield>
    <subfield code="b">cze</subfield>
    <subfield code="d">ABA001</subfield>
    <subfield code="e">rda</subfield>
  </datafield>
  <datafield tag="046" ind1=" " ind2=" ">
    <subfield code="f">1876</subfield>
    <subfield code="g">1940</subfield>
  </datafield>
  <datafield tag="100" ind1="1" ind2=" ">
    <subfield code="a">Madzsar, József,</subfield>
    <subfield code="d">1876-1940</subfield>
    <subfield code="7">xx0252717</subfield>
  </datafield>
  <datafield tag="MOR" ind1="0" ind2=" ">
    <subfield code="a">Madzsar, József</subfield>
    <subfield code="d">1876-1940</subfield>
    <subfield code="7">xx0252717</subfield>
  </datafield>
  <datafield tag="370" ind1=" " ind2=" ">
    <subfield code="a">Budapešť, Maďarsko</subfield>
    <subfield code="c">Maďarsko</subfield>
    <subfield code="c">Rusko</subfield>
    <subfield code="f">Sovětský svaz</subfield>
  </datafield>
  <datafield tag="372" ind1=" " ind2=" ">
    <subfield code="a">lékařství</subfield>
    <subfield code="a">politika</subfield>
    <subfield code="a">politologie</subfield>
    <subfield code="a">komunismus</subfield>
  </datafield>
  <datafield tag="374" ind1=" " ind2=" ">
    <subfield code="a">lékaři</subfield>
    <subfield code="a">politici</subfield>
  </datafield>
  <datafield tag="375" ind1=" " ind2=" ">
    <subfield code="a">muž</subfield>
  </datafield>
  <datafield tag="377" ind1=" " ind2=" ">
    <subfield code="a">hun</subfield>
  </datafield>
  <datafield tag="670" ind1=" " ind2=" ">
    <subfield code="a">Az egészség enciklopédiája / József Madzsar</subfield>
  </datafield>
  <datafield tag="670" ind1=" " ind2=" ">
    <subfield code="a">OSZK, cit. 13. 10. 2020</subfield>
    <subfield code="b">autoriní forma, datum narození a úmrtí</subfield>
  </datafield>
  <datafield tag="670" ind1=" " ind2=" ">
    <subfield code="a">www (A Wikipédiából, a szabad enciklopédiából), cit. 13. 10. 2020</subfield>
    <subfield code="b">datum a místo narození a úmrtí, profesní data, národnost</subfield>
    <subfield code="u">https://hu.wikipedia.org/wiki/Madzsar_J%C3%B3zsef</subfield>
  </datafield>
  <datafield tag="678" ind1="0" ind2=" ">
    <subfield code="a">Maďarský lékař a politik, není známé přesné datum úmrtí, zemřel v sovětském Gulagu 30. září 1940 nebo 1944.</subfield>
  </datafield>
  <datafield tag="906" ind1=" " ind2=" ">
    <subfield code="a">za20201013</subfield>
    <subfield code="b">xvelo</subfield>
  </datafield>
  <datafield tag="906" ind1=" " ind2=" ">
    <subfield code="a">oz20201014</subfield>
    <subfield code="b">lisi</subfield>
    <subfield code="c">Záhlaví - formální oprava interpunkce, pole 370, 372 - formální opravy, zdroj - doplnění podpole u, pole 856 - zrušeno</subfield>
  </datafield>
</record>