

<record>
  <leader>     nz  a22     n  4500</leader>
  <datafield tag="900" ind1=" " ind2=" ">
    <subfield code="a">*J-NÁVRH</subfield>
  </datafield>
  <controlfield tag="001">mzk20201088937</controlfield>
  <controlfield tag="003">CZ PrNK</controlfield>
  <controlfield tag="005">20201013131320.0</controlfield>
  <controlfield tag="008">201013|n|aznnnaabn           n a|a      </controlfield>
  <datafield tag="040" ind1=" " ind2=" ">
    <subfield code="a">BOA001</subfield>
    <subfield code="b">cze</subfield>
    <subfield code="e">rda</subfield>
  </datafield>
  <datafield tag="046" ind1=" " ind2=" ">
    <subfield code="f">1660</subfield>
    <subfield code="g">1740</subfield>
  </datafield>
  <datafield tag="100" ind1="1" ind2=" ">
    <subfield code="a">Reinwaldt, Janez Mihael,</subfield>
    <subfield code="d">1660-1740</subfield>
    <subfield code="7">mzk20201088937</subfield>
  </datafield>
  <datafield tag="370" ind1=" " ind2=" ">
    <subfield code="c">Slovinsko</subfield>
    <subfield code="f">Lublaň, Slovinsko</subfield>
  </datafield>
  <datafield tag="372" ind1=" " ind2=" ">
    <subfield code="a">obrazy</subfield>
    <subfield code="a">nástěnná malba</subfield>
    <subfield code="a">fresky</subfield>
    <subfield code="a">dekorativní malířství</subfield>
    <subfield code="a">pozlacování</subfield>
  </datafield>
  <datafield tag="374" ind1=" " ind2=" ">
    <subfield code="a">malíři</subfield>
  </datafield>
  <datafield tag="375" ind1=" " ind2=" ">
    <subfield code="a">muž</subfield>
  </datafield>
  <datafield tag="400" ind1="1" ind2=" ">
    <subfield code="a">Reinwaldt, Johann Michael,</subfield>
    <subfield code="d">1660-1740</subfield>
    <subfield code="0">o</subfield>
  </datafield>
  <datafield tag="400" ind1="1" ind2=" ">
    <subfield code="a">Rainbalt, Johann Michael,</subfield>
    <subfield code="d">1660-1740</subfield>
    <subfield code="0">o</subfield>
  </datafield>
  <datafield tag="400" ind1="1" ind2=" ">
    <subfield code="a">Reinbolt, Johann Michael,</subfield>
    <subfield code="d">1660-1740</subfield>
    <subfield code="0">o</subfield>
  </datafield>
  <datafield tag="667" ind1=" " ind2=" ">
    <subfield code="a">Allgemeines Lexikon der bildenden Künstler uvádí datum narození okolo roku 1666.</subfield>
  </datafield>
  <datafield tag="670" ind1=" " ind2=" ">
    <subfield code="a">Vácha, Štěpán: Kultovní inscenace náboženského obrazu. In: Opuscula historiae artium. Roč. 68, 2019, č. 2, s. 230-239</subfield>
    <subfield code="b">odkaz viz</subfield>
  </datafield>
  <datafield tag="670" ind1=" " ind2=" ">
    <subfield code="a">COBISS.SI, cit. 13. 10. 2020</subfield>
    <subfield code="b">autoritní forma; biografické údaje; datum narození; datum úmrtí</subfield>
  </datafield>
  <datafield tag="670" ind1=" " ind2=" ">
    <subfield code="a">Allgemeines Lexikon der bildenden Künstler, Bd. 28, 1970, s. 138</subfield>
    <subfield code="b">odkazy viz; biografické údaje; přibližné datum narození; datum úmrtí</subfield>
  </datafield>
  <datafield tag="678" ind1="0" ind2=" ">
    <subfield code="a">Slovinský malíř a pozlacovač, působil v Lublani.</subfield>
  </datafield>
  <datafield tag="906" ind1=" " ind2=" ">
    <subfield code="a">za20201013</subfield>
    <subfield code="b">kmonev</subfield>
  </datafield>
</record>