

<record>
  <leader>     nz  a22     n  4500</leader>
  <controlfield tag="001">aun20201088942</controlfield>
  <controlfield tag="003">CZ PrNK</controlfield>
  <controlfield tag="005">20201013132317.0</controlfield>
  <controlfield tag="008">201013|n|aznnnaabn           n a|a      </controlfield>
  <datafield tag="040" ind1=" " ind2=" ">
    <subfield code="a">ABA001</subfield>
    <subfield code="b">cze</subfield>
    <subfield code="e">rda</subfield>
  </datafield>
  <datafield tag="100" ind1="1" ind2=" ">
    <subfield code="a">Mariotte, Edme,</subfield>
    <subfield code="d">asi 1620-1684.</subfield>
    <subfield code="t">Traité du mouvement des eaux et des autres corps fluides.</subfield>
    <subfield code="l">Německy</subfield>
    <subfield code="7">aun20201088942</subfield>
  </datafield>
  <datafield tag="400" ind1="1" ind2=" ">
    <subfield code="a">Mariotte, Edme,</subfield>
    <subfield code="d">asi 1620-1684.</subfield>
    <subfield code="t">Grundlehren der Hydrostatik und Hydraulik, in welchen die Wirkung der flüβigen Materien in die Schwere der Cörper, nebst der Bewegung des Wassers und andern flüßigen Dingen auf richtige Mathematische Gründe gesetzt wird</subfield>
    <subfield code="0">o</subfield>
  </datafield>
  <datafield tag="400" ind1="1" ind2=" ">
    <subfield code="a">Mariotte, Edme,</subfield>
    <subfield code="d">asi 1620-1684.</subfield>
    <subfield code="t">Grund-Lehren der Hydrostatick und Hydraulick, in welchen die Würckung derer flüβigen Materien in die Schwere der Cörper, nebst der Bewegung des Wassers und andern flüßigen Dingen auf richtige Mathematische Gründe gesetzt wird</subfield>
    <subfield code="0">o</subfield>
  </datafield>
  <datafield tag="670" ind1=" " ind2=" ">
    <subfield code="a">NTK</subfield>
  </datafield>
  <datafield tag="856" ind1="4" ind2="2">
    <subfield code="u">http://digital.slub-dresden.de/ppn325687870</subfield>
    <subfield code="4">N</subfield>
  </datafield>
  <datafield tag="856" ind1="4" ind2="2">
    <subfield code="u">https://kxp.k10plus.de/DB=1.65/PPNSET?PPN=005057140</subfield>
    <subfield code="4">N</subfield>
  </datafield>
  <datafield tag="906" ind1=" " ind2=" ">
    <subfield code="a">br20201013</subfield>
    <subfield code="b">hape</subfield>
  </datafield>
  <datafield tag="906" ind1=" " ind2=" ">
    <subfield code="a">ks20201013</subfield>
    <subfield code="b">hape</subfield>
  </datafield>
</record>