

<record>
  <leader>     nz  a22     n  4500</leader>
  <datafield tag="900" ind1=" " ind2=" ">
    <subfield code="a">*J-NÁVRH</subfield>
  </datafield>
  <controlfield tag="001">uk20201088950</controlfield>
  <controlfield tag="003">CZ PrNK</controlfield>
  <controlfield tag="005">20201013140915.0</controlfield>
  <controlfield tag="008">201013|n|aznnnaabn           n a|a      </controlfield>
  <datafield tag="040" ind1=" " ind2=" ">
    <subfield code="a">ABD009</subfield>
    <subfield code="b">cze</subfield>
    <subfield code="e">rda</subfield>
  </datafield>
  <datafield tag="046" ind1=" " ind2=" ">
    <subfield code="f">1877</subfield>
    <subfield code="g">1954</subfield>
  </datafield>
  <datafield tag="100" ind1="1" ind2=" ">
    <subfield code="a">Hamel, Georg,</subfield>
    <subfield code="d">1877-1954</subfield>
    <subfield code="7">uk20201088950</subfield>
  </datafield>
  <datafield tag="370" ind1=" " ind2=" ">
    <subfield code="a">Düren, Německo</subfield>
    <subfield code="b">Landshut, Německo</subfield>
    <subfield code="c">Německo</subfield>
  </datafield>
  <datafield tag="372" ind1=" " ind2=" ">
    <subfield code="a">matematika</subfield>
    <subfield code="a">filozofie matematiky</subfield>
    <subfield code="a">teorie funkcí</subfield>
    <subfield code="a">mechanika</subfield>
  </datafield>
  <datafield tag="374" ind1=" " ind2=" ">
    <subfield code="a">matematici</subfield>
    <subfield code="a">vysokoškolští učitelé</subfield>
  </datafield>
  <datafield tag="375" ind1=" " ind2=" ">
    <subfield code="a">muž</subfield>
  </datafield>
  <datafield tag="377" ind1=" " ind2=" ">
    <subfield code="a">ger</subfield>
  </datafield>
  <datafield tag="400" ind1="1" ind2=" ">
    <subfield code="a">Hamel, Georg Karl Wilhelm,</subfield>
    <subfield code="d">1877-1954</subfield>
    <subfield code="0">o</subfield>
  </datafield>
  <datafield tag="670" ind1=" " ind2=" ">
    <subfield code="a">Hamel, Georg: Elementare Mechanik, 1912</subfield>
  </datafield>
  <datafield tag="670" ind1=" " ind2=" ">
    <subfield code="a">DNB, cit. 13. 10. 2020</subfield>
    <subfield code="b">autoritní forma, odkaz viz</subfield>
  </datafield>
  <datafield tag="670" ind1=" " ind2=" ">
    <subfield code="a">www(Wikipedia, the free encyclopedia), cit. 13. 10. 2020</subfield>
    <subfield code="b">data, biografické údaje</subfield>
    <subfield code="u">https://en.wikipedia.org/wiki/Georg_Hamel</subfield>
  </datafield>
  <datafield tag="678" ind1="0" ind2=" ">
    <subfield code="a">Německý matematik zabývající se zejména filozofií matematiky, teorií funkcí a také mechanikou. Vysokoškolský pedagog. Publikace z oboru.</subfield>
  </datafield>
  <datafield tag="906" ind1=" " ind2=" ">
    <subfield code="a">za20201013</subfield>
    <subfield code="b">CVACKA</subfield>
  </datafield>
</record>