

<record>
  <leader>     cz  a22     n  4500</leader>
  <controlfield tag="001">ko20201088964</controlfield>
  <controlfield tag="003">CZ PrNK</controlfield>
  <controlfield tag="005">20201014083207.0</controlfield>
  <controlfield tag="008">201013|n|aznnnaabn           n a|a      </controlfield>
  <datafield tag="040" ind1=" " ind2=" ">
    <subfield code="a">ABA001</subfield>
    <subfield code="b">cze</subfield>
    <subfield code="d">ABA001</subfield>
    <subfield code="e">rda</subfield>
  </datafield>
  <datafield tag="110" ind1="2" ind2=" ">
    <subfield code="a">Homeboy Industries (organizace)</subfield>
    <subfield code="7">ko20201088964</subfield>
  </datafield>
  <datafield tag="MOR" ind1="1" ind2=" ">
    <subfield code="a">Homeboy industries (program)</subfield>
    <subfield code="7">ko20201088964</subfield>
  </datafield>
  <datafield tag="368" ind1=" " ind2=" ">
    <subfield code="a">instituce a organizace</subfield>
    <subfield code="a">sociální programy a projekty</subfield>
  </datafield>
  <datafield tag="370" ind1=" " ind2=" ">
    <subfield code="c">Spojené státy americké</subfield>
    <subfield code="e">Los Angeles, Kalifornie</subfield>
  </datafield>
  <datafield tag="372" ind1=" " ind2=" ">
    <subfield code="a">kriminalita mládeže</subfield>
    <subfield code="a">gangy</subfield>
    <subfield code="a">problémová mládež</subfield>
    <subfield code="a">sociální pomoc</subfield>
    <subfield code="a">pastorační péče</subfield>
    <subfield code="a">charitativní činnost</subfield>
  </datafield>
  <datafield tag="377" ind1=" " ind2=" ">
    <subfield code="a">eng</subfield>
  </datafield>
  <datafield tag="670" ind1=" " ind2=" ">
    <subfield code="a">Boyle, Gregory: Kérky na srdci : síla milosrdenství bez hranic</subfield>
  </datafield>
  <datafield tag="670" ind1=" " ind2=" ">
    <subfield code="a">www(Homeboy Industries), cit. 14. 10. 2020</subfield>
    <subfield code="u">https://homeboyindustries.org/</subfield>
  </datafield>
  <datafield tag="670" ind1=" " ind2=" ">
    <subfield code="a">LC (Names), cit. 14. 10. 2020</subfield>
    <subfield code="b">autoritní forma</subfield>
  </datafield>
  <datafield tag="906" ind1=" " ind2=" ">
    <subfield code="a">za20201013</subfield>
    <subfield code="b">irpi</subfield>
  </datafield>
  <datafield tag="906" ind1=" " ind2=" ">
    <subfield code="a">oz20201014</subfield>
    <subfield code="b">svsv</subfield>
    <subfield code="c">Záhlaví - oprava; URL - nově; Zdroj - další výskyt; Další info - nově; Související místo - nově; Oblast působení - nově; Jazyk - nově</subfield>
  </datafield>
</record>