

<record>
  <leader>     nz  a22     n  4500</leader>
  <controlfield tag="001">aun20201088968</controlfield>
  <controlfield tag="003">CZ PrNK</controlfield>
  <controlfield tag="005">20201013145932.0</controlfield>
  <controlfield tag="008">201013|n|aznnnaabn           n a|a      </controlfield>
  <datafield tag="040" ind1=" " ind2=" ">
    <subfield code="a">ABA001</subfield>
    <subfield code="b">cze</subfield>
    <subfield code="e">rda</subfield>
  </datafield>
  <datafield tag="100" ind1="1" ind2=" ">
    <subfield code="a">Dostojevskij, Fedor Michajlovič,</subfield>
    <subfield code="d">1821-1881.</subfield>
    <subfield code="t">Zimnije zametki o letnich vpečatlenijach.</subfield>
    <subfield code="l">Česky</subfield>
    <subfield code="7">aun20201088968</subfield>
  </datafield>
  <datafield tag="400" ind1="1" ind2=" ">
    <subfield code="a">Dostojevskij, Fedor Michajlovič,</subfield>
    <subfield code="d">1821-1881.</subfield>
    <subfield code="t">Zimní poznámky o letních dojmech</subfield>
    <subfield code="0">o</subfield>
  </datafield>
  <datafield tag="670" ind1=" " ind2=" ">
    <subfield code="a">Slovník spisovatelů: Sověětský svaz, I (A-K) : Odeon</subfield>
  </datafield>
  <datafield tag="670" ind1=" " ind2=" ">
    <subfield code="a">RSL, cit. 13. 10. 2020</subfield>
  </datafield>
  <datafield tag="670" ind1=" " ind2=" ">
    <subfield code="a">www(www.lib.cas.cz)</subfield>
  </datafield>
  <datafield tag="670" ind1=" " ind2=" ">
    <subfield code="a">Fjodor Michajlovič Dostojevskij: Hráč a jiné prózy. Praha : Státní nakladatelství krásné literatury a umění, 1964</subfield>
  </datafield>
  <datafield tag="906" ind1=" " ind2=" ">
    <subfield code="a">br20201013</subfield>
    <subfield code="b">blau</subfield>
  </datafield>
  <datafield tag="906" ind1=" " ind2=" ">
    <subfield code="a">ks20201013</subfield>
    <subfield code="b">blau</subfield>
  </datafield>
</record>