

<record>
  <leader>     nz  a22     n  4500</leader>
  <datafield tag="900" ind1=" " ind2=" ">
    <subfield code="a">K-NÁVRH</subfield>
  </datafield>
  <controlfield tag="001">ntk20201088977</controlfield>
  <controlfield tag="003">CZ PrNK</controlfield>
  <controlfield tag="005">20201013161802.0</controlfield>
  <controlfield tag="008">201013|n|aznnnaabn           n a|a      </controlfield>
  <datafield tag="040" ind1=" " ind2=" ">
    <subfield code="a">ABA013</subfield>
    <subfield code="b">cze</subfield>
    <subfield code="e">rda</subfield>
  </datafield>
  <datafield tag="110" ind1="2" ind2=" ">
    <subfield code="a">Waysenhaus- und Frommannische Handlung</subfield>
    <subfield code="7">ntk20201088977</subfield>
  </datafield>
  <datafield tag="368" ind1=" " ind2=" ">
    <subfield code="a">nakladatelství a vydavatelství</subfield>
    <subfield code="a">knihkupectví</subfield>
    <subfield code="a">obchody</subfield>
    <subfield code="a">firmy</subfield>
    <subfield code="s">1726</subfield>
    <subfield code="t">1786</subfield>
  </datafield>
  <datafield tag="370" ind1=" " ind2=" ">
    <subfield code="c">Německo</subfield>
    <subfield code="e">Sulechów, Polsko</subfield>
    <subfield code="s">1726</subfield>
    <subfield code="t">1786</subfield>
  </datafield>
  <datafield tag="372" ind1=" " ind2=" ">
    <subfield code="a">knižní obchod</subfield>
    <subfield code="a">knižní produkce</subfield>
    <subfield code="a">vydávání a distribuce knih</subfield>
    <subfield code="a">prodej publikací</subfield>
  </datafield>
  <datafield tag="377" ind1=" " ind2=" ">
    <subfield code="a">ger</subfield>
  </datafield>
  <datafield tag="410" ind1="2" ind2=" ">
    <subfield code="a">Waisenhaus- und Frommannische Handlung</subfield>
    <subfield code="0">o</subfield>
  </datafield>
  <datafield tag="410" ind1="2" ind2=" ">
    <subfield code="a">Orphans and Frommann (firma)</subfield>
    <subfield code="0">o</subfield>
  </datafield>
  <datafield tag="410" ind1="2" ind2=" ">
    <subfield code="a">House of Orphans and Frommann</subfield>
    <subfield code="2">czeeng</subfield>
    <subfield code="0">o</subfield>
  </datafield>
  <datafield tag="410" ind1="2" ind2=" ">
    <subfield code="a">Maison des Orphelins et de Frommann</subfield>
    <subfield code="2">czefre</subfield>
    <subfield code="0">o</subfield>
  </datafield>
  <datafield tag="410" ind1="2" ind2=" ">
    <subfield code="a">Frommannische Buchhandlung (Waysenhaus- und Frommannische Handlung)</subfield>
    <subfield code="0">o</subfield>
  </datafield>
  <datafield tag="410" ind1="2" ind2=" ">
    <subfield code="a">Waisenhaus- und Frommannische Buchhandlung</subfield>
    <subfield code="0">o</subfield>
  </datafield>
  <datafield tag="410" ind1="2" ind2=" ">
    <subfield code="a">Waysenhaus- und Frommannische Buchhandlung</subfield>
    <subfield code="0">o</subfield>
  </datafield>
  <datafield tag="410" ind1="2" ind2=" ">
    <subfield code="a">Verlag der Waysenhaus- und Frommannischen Buchhandlung</subfield>
    <subfield code="0">o</subfield>
  </datafield>
  <datafield tag="410" ind1="2" ind2=" ">
    <subfield code="a">Verlag des Waysenhauses (Sulechów, Polsko)</subfield>
    <subfield code="0">o</subfield>
  </datafield>
  <datafield tag="410" ind1="2" ind2=" ">
    <subfield code="a">Verlag des Waysenhauses Bey Gottlob Benjamin Frommann</subfield>
    <subfield code="0">o</subfield>
  </datafield>
  <datafield tag="410" ind1="2" ind2=" ">
    <subfield code="a">Waysenhauses Bey Gottlob Benjamin Frommann</subfield>
    <subfield code="0">o</subfield>
  </datafield>
  <datafield tag="410" ind1="2" ind2=" ">
    <subfield code="a">Waysenhaus (Sulechów, Polsko)</subfield>
    <subfield code="0">o</subfield>
  </datafield>
  <datafield tag="410" ind1="2" ind2=" ">
    <subfield code="a">Waisenhaus (Sulechów, Polsko)</subfield>
    <subfield code="0">o</subfield>
  </datafield>
  <datafield tag="410" ind1="2" ind2=" ">
    <subfield code="a">Buchhandlung des Waysenhauses (Sulechów, Polsko)</subfield>
    <subfield code="0">o</subfield>
  </datafield>
  <datafield tag="500" ind1="1" ind2=" ">
    <subfield code="a">Frommann, Gottlieb Benjamin,</subfield>
    <subfield code="d">asi 1702-1741</subfield>
    <subfield code="7">ntk20201088901</subfield>
  </datafield>
  <datafield tag="665" ind1=" " ind2=" ">
    <subfield code="a">Zakladatel a majitel firmy: Frommann, Gottlieb Benjamin (asi 1702-1741)</subfield>
  </datafield>
  <datafield tag="667" ind1=" " ind2=" ">
    <subfield code="a">http://d-nb.info/gnd/6146574-4.</subfield>
  </datafield>
  <datafield tag="670" ind1=" " ind2=" ">
    <subfield code="a">Johann Jacob Schmidts, Predigers zu Peest und Balow, Biblischer Mathematicus Oder Erläuterung der Heil. Schrift aus den Mathematischen Wissenschaften Der Arithmetic, Geometrie, Static, Architectur, Astronomie, Horographie und Optic ... Züllichau: In Verlegung des Waysenhauses Bey Gottlob Benjamin Frommann, 1736</subfield>
    <subfield code="b">odkazy viz</subfield>
    <subfield code="u">http://mdz-nbn-resolving.de/urn:nbn:de:bvb:12-bsb11285098-4</subfield>
  </datafield>
  <datafield tag="670" ind1=" " ind2=" ">
    <subfield code="a">DNB, cit. 13. 10. 2020</subfield>
    <subfield code="b">autoritní forma, odkazy viz, údaje o vývoji a činnosti firmy</subfield>
    <subfield code="u">http://d-nb.info/gnd/6146574-4</subfield>
  </datafield>
  <datafield tag="675" ind1=" " ind2=" ">
    <subfield code="a">LC (Names), cit. 13. 10. 2020</subfield>
  </datafield>
  <datafield tag="678" ind1=" " ind2=" ">
    <subfield code="a">Německá a knihkupecká a nakladatelská firma, činná při sirotčinci v bývalém pruském Züllichau (dnes Sulechów, Lubušské vojvodství, Polsko). Firmu v letech 1726-1741 založil a řídil německý knihkupec a nakladatel Gottlieb Benjamin Frommann, (asi 1702-1741). Po jeho úmrtí se vdova v r. 1742 provdala za knihkupce Johanna Jacoba Dendelera (-1757), který firmu vedl do r. 1757. Po jeho úmrtí řídil firmu v letech 1757-1786 syn zakladatele Nathanael Sigismund. Po jeho úmrtí řídili firmu, která dostala nové jméno „Nathanael Sigismund Frommanns Erben“, dědicové. Firma zůstala v rukou rodiny až do r. 1886 s tím, že v r. 1798 přesídlila do Jeny. Současnou následnickou firmou je firma „Frommann-Holzboog Verlag“ se sídlem ve Stuttgartu.</subfield>
  </datafield>
  <datafield tag="906" ind1=" " ind2=" ">
    <subfield code="a">za20201013</subfield>
    <subfield code="b">evbr</subfield>
  </datafield>
  <datafield tag="906" ind1=" " ind2=" ">
    <subfield code="a">ko20201013</subfield>
    <subfield code="b">evbr</subfield>
  </datafield>
</record>