

<record>
  <leader>     nz  a22     n  4500</leader>
  <controlfield tag="001">aun20201088978</controlfield>
  <controlfield tag="003">CZ PrNK</controlfield>
  <controlfield tag="005">20201013160745.0</controlfield>
  <controlfield tag="008">201013|n|aznnnaabn           n a|a      </controlfield>
  <datafield tag="040" ind1=" " ind2=" ">
    <subfield code="a">ABA001</subfield>
    <subfield code="b">cze</subfield>
    <subfield code="e">rda</subfield>
  </datafield>
  <datafield tag="100" ind1="1" ind2=" ">
    <subfield code="a">Gadamer, Hans-Georg,</subfield>
    <subfield code="d">1900-2002.</subfield>
    <subfield code="t">Wahrheit und Methode.</subfield>
    <subfield code="l">Česky</subfield>
    <subfield code="7">aun20201088978</subfield>
  </datafield>
  <datafield tag="400" ind1="1" ind2=" ">
    <subfield code="a">Gadamer, Hans-Georg,</subfield>
    <subfield code="d">1900-2002.</subfield>
    <subfield code="t">Pravda a metoda</subfield>
    <subfield code="0">o</subfield>
  </datafield>
  <datafield tag="670" ind1=" " ind2=" ">
    <subfield code="a">DNB, cit. 13. 10. 2020</subfield>
  </datafield>
  <datafield tag="670" ind1=" " ind2=" ">
    <subfield code="a">www(Wikipedie, otevřená encyklopedie), cit. 13. 10. 2020</subfield>
  </datafield>
  <datafield tag="670" ind1=" " ind2=" ">
    <subfield code="a">Hans-Georg Gadamer: Pravda a metoda I. Nárys filosofické hermeneutiky. Praha : Triáda, 2020</subfield>
  </datafield>
  <datafield tag="906" ind1=" " ind2=" ">
    <subfield code="a">br20201013</subfield>
    <subfield code="b">blau</subfield>
  </datafield>
  <datafield tag="906" ind1=" " ind2=" ">
    <subfield code="a">ks20201013</subfield>
    <subfield code="b">blau</subfield>
  </datafield>
</record>