

<record>
  <leader>     cz  a22     n  4500</leader>
  <controlfield tag="001">ko20201088983</controlfield>
  <controlfield tag="003">CZ PrNK</controlfield>
  <controlfield tag="005">20201014081711.0</controlfield>
  <controlfield tag="008">201013|n|aznnnaabn           n a|a      </controlfield>
  <datafield tag="040" ind1=" " ind2=" ">
    <subfield code="a">ABA001</subfield>
    <subfield code="b">cze</subfield>
    <subfield code="e">rda</subfield>
  </datafield>
  <datafield tag="110" ind1="2" ind2=" ">
    <subfield code="a">Aš-Šabáb (organizace)</subfield>
    <subfield code="7">ko20201088983</subfield>
  </datafield>
  <datafield tag="MOR" ind1="1" ind2=" ">
    <subfield code="a">Harakat al-Shabaab al-Mujahideen</subfield>
    <subfield code="7">ko20201088983</subfield>
  </datafield>
  <datafield tag="368" ind1=" " ind2=" ">
    <subfield code="a">teroristické organizace</subfield>
  </datafield>
  <datafield tag="370" ind1=" " ind2=" ">
    <subfield code="c">Somálsko</subfield>
  </datafield>
  <datafield tag="372" ind1=" " ind2=" ">
    <subfield code="a">islámský fundamentalismus</subfield>
    <subfield code="a">terorismus</subfield>
  </datafield>
  <datafield tag="377" ind1=" " ind2=" ">
    <subfield code="a">ara</subfield>
  </datafield>
  <datafield tag="410" ind1="2" ind2=" ">
    <subfield code="a">Šabáb (organizace)</subfield>
    <subfield code="0">o</subfield>
  </datafield>
  <datafield tag="410" ind1="2" ind2=" ">
    <subfield code="a">Shabaab (organizace)</subfield>
    <subfield code="0">o</subfield>
  </datafield>
  <datafield tag="410" ind1="2" ind2=" ">
    <subfield code="a">Shabab (organizace)</subfield>
    <subfield code="0">o</subfield>
  </datafield>
  <datafield tag="410" ind1="2" ind2=" ">
    <subfield code="a">Harakat al-Shabaab al-Mujahideen</subfield>
    <subfield code="0">o</subfield>
  </datafield>
  <datafield tag="410" ind1="2" ind2=" ">
    <subfield code="a">Al-shabaab (organizace)</subfield>
    <subfield code="0">o</subfield>
  </datafield>
  <datafield tag="410" ind1="2" ind2=" ">
    <subfield code="a">Hizbul Shabaab (Somálsko)</subfield>
    <subfield code="0">o</subfield>
  </datafield>
  <datafield tag="410" ind1="2" ind2=" ">
    <subfield code="a">Hnutí mladých bojovníků (Somálsko)</subfield>
    <subfield code="2">czecze</subfield>
    <subfield code="0">o</subfield>
  </datafield>
  <datafield tag="410" ind1="2" ind2=" ">
    <subfield code="a">Movement of Striving Youth (Somálsko)</subfield>
    <subfield code="2">czeeng</subfield>
    <subfield code="0">o</subfield>
  </datafield>
  <datafield tag="410" ind1="2" ind2=" ">
    <subfield code="a">Popular Resistance Movement in the Land of the Two Migrations (Somálsko)</subfield>
    <subfield code="2">czeeng</subfield>
    <subfield code="0">o</subfield>
  </datafield>
  <datafield tag="670" ind1=" " ind2=" ">
    <subfield code="a">Harun Maruf and Dan Joseph ; foreword by Christopher Anzalone: Inside al-Shabaab : the secret history of al-Qaeda's most powerful ally</subfield>
  </datafield>
  <datafield tag="670" ind1=" " ind2=" ">
    <subfield code="a">LC (Names), cit. 14. 10. 2020</subfield>
    <subfield code="b">odkazy viz</subfield>
  </datafield>
  <datafield tag="670" ind1=" " ind2=" ">
    <subfield code="a">www(Wikipedie, otevřená encyklopedie), cit. 14. 10. 2020</subfield>
    <subfield code="b">autoritní forma</subfield>
    <subfield code="u">https://cs.wikipedia.org/wiki/A%C5%A1-%C5%A0ab%C3%A1b</subfield>
  </datafield>
  <datafield tag="678" ind1=" " ind2=" ">
    <subfield code="a">Teroristická skupina islámských vzbouřenců, kteří povstali během války v Somálsku a usiluje o vytvoření islámského státu v Somálsku.</subfield>
  </datafield>
  <datafield tag="906" ind1=" " ind2=" ">
    <subfield code="a">za20201013</subfield>
    <subfield code="b">ejav</subfield>
  </datafield>
  <datafield tag="906" ind1=" " ind2=" ">
    <subfield code="a">oz20201014</subfield>
    <subfield code="b">svsv</subfield>
    <subfield code="c">Záhlaví - oprava; Viz - další výskyt; Viz - oprava; URL - nově; Zdroj - další výskyt; Další info - nově; Související místo - nově; Oblast působení - nově; Jazyk - nově</subfield>
  </datafield>
</record>