

<record>
  <leader>     nz  a22     n  4500</leader>
  <controlfield tag="001">mub20201088987</controlfield>
  <controlfield tag="003">CZ PrNK</controlfield>
  <controlfield tag="005">20201014103059.0</controlfield>
  <controlfield tag="008">201013|n|aznnnaabn           n a|a      </controlfield>
  <datafield tag="040" ind1=" " ind2=" ">
    <subfield code="a">BOD114</subfield>
    <subfield code="b">cze</subfield>
    <subfield code="d">ABA001</subfield>
    <subfield code="e">rda</subfield>
  </datafield>
  <datafield tag="046" ind1=" " ind2=" ">
    <subfield code="f">1887</subfield>
    <subfield code="g">1971</subfield>
  </datafield>
  <datafield tag="100" ind1="1" ind2=" ">
    <subfield code="a">Serebrovskij, Vladimir Ivanovič,</subfield>
    <subfield code="d">1887-1971</subfield>
    <subfield code="7">mub20201088987</subfield>
  </datafield>
  <datafield tag="370" ind1=" " ind2=" ">
    <subfield code="c">Rusko</subfield>
    <subfield code="f">Sovětský svaz</subfield>
  </datafield>
  <datafield tag="372" ind1=" " ind2=" ">
    <subfield code="a">občanské právo</subfield>
    <subfield code="a">rodinné právo</subfield>
    <subfield code="a">pracovní právo</subfield>
    <subfield code="a">dědické právo</subfield>
    <subfield code="a">autorské právo</subfield>
  </datafield>
  <datafield tag="374" ind1=" " ind2=" ">
    <subfield code="a">právníci</subfield>
    <subfield code="a">vysokoškolští učitelé</subfield>
  </datafield>
  <datafield tag="375" ind1=" " ind2=" ">
    <subfield code="a">muž</subfield>
  </datafield>
  <datafield tag="377" ind1=" " ind2=" ">
    <subfield code="a">rus</subfield>
  </datafield>
  <datafield tag="400" ind1="1" ind2=" ">
    <subfield code="a">Serebrovskij, V. I.,</subfield>
    <subfield code="d">1887-1971</subfield>
    <subfield code="0">o</subfield>
  </datafield>
  <datafield tag="670" ind1=" " ind2=" ">
    <subfield code="a">Serebrovskij, V. I. - Sverdlov, G. M.: Tři studie o sovětském rodinném právu, 1949</subfield>
    <subfield code="b">odkaz viz</subfield>
  </datafield>
  <datafield tag="670" ind1=" " ind2=" ">
    <subfield code="a">NLR, cit. 13. 10. 2020</subfield>
    <subfield code="b">datum narození a úmrtí</subfield>
  </datafield>
  <datafield tag="670" ind1=" " ind2=" ">
    <subfield code="a">RSL, cit. 13. 10. 2020</subfield>
    <subfield code="b">autoritní forma, data</subfield>
  </datafield>
  <datafield tag="670" ind1=" " ind2=" ">
    <subfield code="a">www(Nauka prava), cit. 13. 10. 2020</subfield>
    <subfield code="b">profesní údaje</subfield>
  </datafield>
  <datafield tag="678" ind1="0" ind2=" ">
    <subfield code="a">Ruský a sovětský právník, doktor právních věd, vysokoškolský pedagog občanského práva, rodinného práva a autorského práva.</subfield>
  </datafield>
  <datafield tag="906" ind1=" " ind2=" ">
    <subfield code="a">ko20201013</subfield>
    <subfield code="b">pospel</subfield>
  </datafield>
  <datafield tag="906" ind1=" " ind2=" ">
    <subfield code="a">vr20201014</subfield>
    <subfield code="b">maku</subfield>
  </datafield>
</record>