

<record>
  <leader>     nz  a22     n  4500</leader>
  <controlfield tag="001">jo20201088994</controlfield>
  <controlfield tag="003">CZ PrNK</controlfield>
  <controlfield tag="005">20201013212634.0</controlfield>
  <controlfield tag="008">201013|n|aznnnaabn           n a|a      </controlfield>
  <datafield tag="024" ind1="7" ind2=" ">
    <subfield code="a">0000000459219736</subfield>
    <subfield code="2">isni</subfield>
  </datafield>
  <datafield tag="040" ind1=" " ind2=" ">
    <subfield code="a">ABA001</subfield>
    <subfield code="b">cze</subfield>
    <subfield code="e">rda</subfield>
  </datafield>
  <datafield tag="100" ind1="1" ind2=" ">
    <subfield code="a">Boast, Hannah</subfield>
    <subfield code="7">jo20201088994</subfield>
  </datafield>
  <datafield tag="368" ind1=" " ind2=" ">
    <subfield code="d">Dr</subfield>
  </datafield>
  <datafield tag="370" ind1=" " ind2=" ">
    <subfield code="c">Velká Británie</subfield>
    <subfield code="c">Irsko</subfield>
  </datafield>
  <datafield tag="372" ind1=" " ind2=" ">
    <subfield code="a">literární věda</subfield>
    <subfield code="a">kulturní geografie</subfield>
    <subfield code="a">literární komparatistika</subfield>
    <subfield code="a">environmentální politika</subfield>
  </datafield>
  <datafield tag="374" ind1=" " ind2=" ">
    <subfield code="a">literární vědkyně</subfield>
  </datafield>
  <datafield tag="375" ind1=" " ind2=" ">
    <subfield code="a">žena</subfield>
  </datafield>
  <datafield tag="377" ind1=" " ind2=" ">
    <subfield code="a">eng</subfield>
  </datafield>
  <datafield tag="670" ind1=" " ind2=" ">
    <subfield code="a">Boast, Hannah: Hydrofictions : water, power and politics in Israeli and Palestinian literature, 2020</subfield>
    <subfield code="b">autoritní forma, profesní údaje</subfield>
  </datafield>
  <datafield tag="670" ind1=" " ind2=" ">
    <subfield code="a">www(Dr Hannah Boast), cit. 13. 10. 2020</subfield>
    <subfield code="b">profesní údaje</subfield>
    <subfield code="u">https://warwick.ac.uk/fac/arts/english/people/postdoc/hannahboast/</subfield>
  </datafield>
  <datafield tag="670" ind1=" " ind2=" ">
    <subfield code="a">www(LinkedIn - Hannah Boast), cit. 13. 10. 2020</subfield>
    <subfield code="b">biografické údaje</subfield>
    <subfield code="u">https://uk.linkedin.com/in/hannah-boast-096925121</subfield>
  </datafield>
  <datafield tag="675" ind1=" " ind2=" ">
    <subfield code="a">LC (Names), cit. 13. 10. 2020</subfield>
  </datafield>
  <datafield tag="678" ind1="0" ind2=" ">
    <subfield code="a">Literární vědkyně, autorka publikací z oboru srovnávací literární vědy a environmentální politiky.</subfield>
  </datafield>
  <datafield tag="906" ind1=" " ind2=" ">
    <subfield code="a">br20201013</subfield>
    <subfield code="b">pepe</subfield>
  </datafield>
</record>