

<record>
  <leader>     nz  a22     n  4500</leader>
  <datafield tag="900" ind1=" " ind2=" ">
    <subfield code="a">*K-NÁVRH</subfield>
  </datafield>
  <controlfield tag="001">olak20201089005</controlfield>
  <controlfield tag="003">CZ PrNK</controlfield>
  <controlfield tag="005">20201014074957.0</controlfield>
  <controlfield tag="008">201014|n|aznnnaabn           n a|a      </controlfield>
  <datafield tag="040" ind1=" " ind2=" ">
    <subfield code="a">OLA001</subfield>
    <subfield code="b">cze</subfield>
    <subfield code="e">rda</subfield>
  </datafield>
  <datafield tag="110" ind1="2" ind2=" ">
    <subfield code="a">Česko.</subfield>
    <subfield code="b">Armáda.</subfield>
    <subfield code="b">Ženijní pluk, 15.</subfield>
    <subfield code="7">olak20201089005</subfield>
  </datafield>
  <datafield tag="370" ind1=" " ind2=" ">
    <subfield code="c">Česko</subfield>
    <subfield code="e">Bechyně, Česko</subfield>
  </datafield>
  <datafield tag="372" ind1=" " ind2=" ">
    <subfield code="a">ženijní vojsko</subfield>
  </datafield>
  <datafield tag="377" ind1=" " ind2=" ">
    <subfield code="a">cze</subfield>
  </datafield>
  <datafield tag="410" ind1="2" ind2=" ">
    <subfield code="a">Česko.</subfield>
    <subfield code="b">Armáda.</subfield>
    <subfield code="b">Ženijní pluk "Generála Karla Husárka", 15.</subfield>
    <subfield code="0">o</subfield>
  </datafield>
  <datafield tag="410" ind1="2" ind2=" ">
    <subfield code="a">Česko.</subfield>
    <subfield code="b">Armáda.</subfield>
    <subfield code="b">15. ženijní pluk "Generála Karla Husárka"</subfield>
    <subfield code="0">o</subfield>
  </datafield>
  <datafield tag="410" ind1="2" ind2=" ">
    <subfield code="a">Česko.</subfield>
    <subfield code="b">Armáda.</subfield>
    <subfield code="b">15. ženijní pluk Bechyně</subfield>
    <subfield code="0">o</subfield>
  </datafield>
  <datafield tag="410" ind1="2" ind2=" ">
    <subfield code="a">Česko.</subfield>
    <subfield code="b">Armáda.</subfield>
    <subfield code="b">Engineer Regiment, 15th</subfield>
    <subfield code="0">o</subfield>
  </datafield>
  <datafield tag="410" ind1="2" ind2=" ">
    <subfield code="a">Česko.</subfield>
    <subfield code="b">Armáda.</subfield>
    <subfield code="b">Engineer Regiment "of General Karel Husárek", 15th</subfield>
    <subfield code="0">o</subfield>
  </datafield>
  <datafield tag="410" ind1="2" ind2=" ">
    <subfield code="a">Česko.</subfield>
    <subfield code="b">Armáda.</subfield>
    <subfield code="b">15th Engineer Regiment</subfield>
    <subfield code="0">o</subfield>
  </datafield>
  <datafield tag="410" ind1="2" ind2=" ">
    <subfield code="a">Česko.</subfield>
    <subfield code="b">Armáda.</subfield>
    <subfield code="b">Ženijní pluk Bechyně, 15.</subfield>
    <subfield code="0">o</subfield>
  </datafield>
  <datafield tag="510" ind1="1" ind2=" ">
    <subfield code="w">a</subfield>
    <subfield code="a">Česko.</subfield>
    <subfield code="b">Armáda.</subfield>
    <subfield code="b">Ženijní záchranná brigáda, 15.</subfield>
    <subfield code="7">kn20060119009</subfield>
  </datafield>
  <datafield tag="665" ind1=" " ind2=" ">
    <subfield code="a">V roce 2013 byla 15. ženijní záchranná brigáda přeorganizována a přejmenována na 15. ženijní pluk "Generála Karla Husárka".</subfield>
  </datafield>
  <datafield tag="670" ind1=" " ind2=" ">
    <subfield code="a">15. ženijní pluk "Generála Karla Husárka", 2020</subfield>
    <subfield code="b">autoritní forma, odkaz viz, odkaz viz též</subfield>
  </datafield>
  <datafield tag="670" ind1=" " ind2=" ">
    <subfield code="a">15th Engineer Regiment "of General Karel Husárek", 2020</subfield>
    <subfield code="b">odkaz viz</subfield>
  </datafield>
  <datafield tag="670" ind1=" " ind2=" ">
    <subfield code="a">www(15. ženijní pluk), cit. 14. 10. 2020</subfield>
    <subfield code="b">autoritní forma</subfield>
    <subfield code="u">http://www.zenijnipluk.army.cz/</subfield>
  </datafield>
  <datafield tag="906" ind1=" " ind2=" ">
    <subfield code="a">ko20201014</subfield>
    <subfield code="b">vepo</subfield>
  </datafield>
</record>