

<record>
  <leader>     nz  a22     n  4500</leader>
  <datafield tag="900" ind1=" " ind2=" ">
    <subfield code="a">J-NÁVRH</subfield>
  </datafield>
  <controlfield tag="001">xx0252728</controlfield>
  <controlfield tag="003">CZ PrNK</controlfield>
  <controlfield tag="005">20201014084203.1</controlfield>
  <controlfield tag="008">201014|n|aznnnaabn           n a|a      </controlfield>
  <datafield tag="040" ind1=" " ind2=" ">
    <subfield code="a">ULG001</subfield>
    <subfield code="b">cze</subfield>
    <subfield code="e">rda</subfield>
  </datafield>
  <datafield tag="100" ind1="1" ind2=" ">
    <subfield code="a">Orgonáš, Jozef,</subfield>
    <subfield code="d">1957-</subfield>
    <subfield code="7">xx0252728</subfield>
  </datafield>
  <datafield tag="368" ind1=" " ind2=" ">
    <subfield code="d">Ing.</subfield>
    <subfield code="d">PhD.</subfield>
  </datafield>
  <datafield tag="370" ind1=" " ind2=" ">
    <subfield code="c">Slovensko</subfield>
    <subfield code="f">Bratislava (Slovensko)</subfield>
  </datafield>
  <datafield tag="372" ind1=" " ind2=" ">
    <subfield code="a">ekonomie</subfield>
    <subfield code="a">franchising</subfield>
    <subfield code="a">marketing</subfield>
    <subfield code="a">vzdělávání</subfield>
    <subfield code="a">podnikání</subfield>
  </datafield>
  <datafield tag="373" ind1=" " ind2=" ">
    <subfield code="a">Ekonomická univerzita v Bratislave. Katedra marketingu</subfield>
    <subfield code="s">2013</subfield>
  </datafield>
  <datafield tag="374" ind1=" " ind2=" ">
    <subfield code="a">ekonomové</subfield>
    <subfield code="a">vysokoškolští učitelé</subfield>
    <subfield code="a">podnikatelé</subfield>
  </datafield>
  <datafield tag="375" ind1=" " ind2=" ">
    <subfield code="a">muž</subfield>
  </datafield>
  <datafield tag="377" ind1=" " ind2=" ">
    <subfield code="a">slo</subfield>
  </datafield>
  <datafield tag="670" ind1=" " ind2=" ">
    <subfield code="a">SNK, cit. 14. 10. 2020</subfield>
    <subfield code="b">autoritní forma, rok narození, pole 373</subfield>
  </datafield>
  <datafield tag="670" ind1=" " ind2=" ">
    <subfield code="a">Orgonáš, Jozef - Šétaffy, Jozef - Rak, Pavol: Kompendium franchisingu, 2017</subfield>
    <subfield code="b">biografické údaje</subfield>
  </datafield>
  <datafield tag="678" ind1="0" ind2=" ">
    <subfield code="a">Slovenský ekonom, vysokoškolský učitel, podnikatel, Ing., PhD., věnuje se franchisingu, práce z oboru.</subfield>
  </datafield>
  <datafield tag="906" ind1=" " ind2=" ">
    <subfield code="a">za20201014</subfield>
    <subfield code="b">xlest</subfield>
  </datafield>
</record>