

<record>
  <leader>     nz  a22     n  4500</leader>
  <controlfield tag="001">jo20201089019</controlfield>
  <controlfield tag="003">CZ PrNK</controlfield>
  <controlfield tag="005">20201014094323.0</controlfield>
  <controlfield tag="008">201014|n|aznnnaabn           n a|a      </controlfield>
  <datafield tag="040" ind1=" " ind2=" ">
    <subfield code="a">ABA001</subfield>
    <subfield code="b">cze</subfield>
    <subfield code="e">rda</subfield>
  </datafield>
  <datafield tag="100" ind1="1" ind2=" ">
    <subfield code="a">Mas, Dorothy A.</subfield>
    <subfield code="7">jo20201089019</subfield>
  </datafield>
  <datafield tag="368" ind1=" " ind2=" ">
    <subfield code="d">Dr., Royal Holloway University of London</subfield>
    <subfield code="s">2017</subfield>
  </datafield>
  <datafield tag="370" ind1=" " ind2=" ">
    <subfield code="c">Kanada</subfield>
    <subfield code="c">Německo</subfield>
  </datafield>
  <datafield tag="372" ind1=" " ind2=" ">
    <subfield code="a">dějiny</subfield>
    <subfield code="a">nacismus</subfield>
  </datafield>
  <datafield tag="374" ind1=" " ind2=" ">
    <subfield code="a">historičky</subfield>
    <subfield code="a">editorky</subfield>
  </datafield>
  <datafield tag="375" ind1=" " ind2=" ">
    <subfield code="a">žena</subfield>
  </datafield>
  <datafield tag="377" ind1=" " ind2=" ">
    <subfield code="a">eng</subfield>
    <subfield code="a">ger</subfield>
  </datafield>
  <datafield tag="400" ind1="1" ind2=" ">
    <subfield code="a">Mas, Dorothy</subfield>
    <subfield code="0">o</subfield>
  </datafield>
  <datafield tag="670" ind1=" " ind2=" ">
    <subfield code="a">Löw, Andrea, (ed.) - Pearce, Caroline, (ed.): German Reich and Protectorate of Bohemia and Moravia: September 1939-September 1941; coordinator of the English-language edition Caroline Pearce ; with the assistance of Dorothy A. Mas and Georg Felix Harsch. Berlin: De Gruyter Oldenbourg, [2020]</subfield>
    <subfield code="b">autoritní forma</subfield>
  </datafield>
  <datafield tag="670" ind1=" " ind2=" ">
    <subfield code="a">www(Institut für Zeitgeschichte), cit. 14. 10. 2020</subfield>
    <subfield code="b">biografické údaje, pole 368, 370</subfield>
  </datafield>
  <datafield tag="670" ind1=" " ind2=" ">
    <subfield code="a">www(Royal Holloway, University of London), cit. 14. 10. 2020</subfield>
    <subfield code="b">odkaz viz</subfield>
  </datafield>
  <datafield tag="675" ind1=" " ind2=" ">
    <subfield code="a">LC (Names), cit. 14. 10. 2020;</subfield>
    <subfield code="a">BLPC, cit. 14. 10. 2020;</subfield>
    <subfield code="a">NLC-Aurora, cit. 14. 10. 2020;</subfield>
    <subfield code="a">NLC-Voilà, cit. 14. 10. 2020;</subfield>
    <subfield code="a">DNB, cit. 14. 10. 2020</subfield>
  </datafield>
  <datafield tag="678" ind1="0" ind2=" ">
    <subfield code="a">Editorka, historička a archivářka, specializace na moderní dějiny Německa.</subfield>
  </datafield>
  <datafield tag="906" ind1=" " ind2=" ">
    <subfield code="a">br20201014</subfield>
    <subfield code="b">lisi</subfield>
  </datafield>
</record>