

<record>
  <leader>     nz  a22     n  4500</leader>
  <datafield tag="900" ind1=" " ind2=" ">
    <subfield code="a">J-NÁVRH-STT</subfield>
  </datafield>
  <controlfield tag="001">ntk20201089029</controlfield>
  <controlfield tag="003">CZ PrNK</controlfield>
  <controlfield tag="005">20201014114331.0</controlfield>
  <controlfield tag="008">201014|n|aznnnaabn           n a|a      </controlfield>
  <datafield tag="024" ind1="7" ind2=" ">
    <subfield code="a">Q1580689</subfield>
    <subfield code="2">wikidata</subfield>
  </datafield>
  <datafield tag="040" ind1=" " ind2=" ">
    <subfield code="a">ABA013</subfield>
    <subfield code="b">cze</subfield>
    <subfield code="e">rda</subfield>
  </datafield>
  <datafield tag="046" ind1=" " ind2=" ">
    <subfield code="f">1700</subfield>
    <subfield code="g">1759</subfield>
  </datafield>
  <datafield tag="100" ind1="1" ind2=" ">
    <subfield code="a">Krockow, Hans Kaspar von,</subfield>
    <subfield code="d">1700-1759</subfield>
    <subfield code="7">ntk20201089029</subfield>
  </datafield>
  <datafield tag="MOR" ind1="0" ind2=" ">
    <subfield code="a">Krockow, Hans Kaspar von,</subfield>
    <subfield code="7">ntk20201089029</subfield>
  </datafield>
  <datafield tag="368" ind1=" " ind2=" ">
    <subfield code="d">Generalmajor der Reiterei</subfield>
    <subfield code="d">Chef des Kürassierregiments Nr. 1</subfield>
    <subfield code="d">Amtshauptmann</subfield>
  </datafield>
  <datafield tag="370" ind1=" " ind2=" ">
    <subfield code="a">Pieszcz, Polsko</subfield>
    <subfield code="b">Svídnice, Polsko</subfield>
    <subfield code="c">Německo</subfield>
    <subfield code="f">Pałowo, Polsko</subfield>
    <subfield code="f">Pieszcz, Polsko</subfield>
    <subfield code="f">Halle an der Saale, Německo</subfield>
  </datafield>
  <datafield tag="372" ind1=" " ind2=" ">
    <subfield code="a">vojenství</subfield>
    <subfield code="a">válečnictví</subfield>
    <subfield code="a">vojenská správa</subfield>
  </datafield>
  <datafield tag="374" ind1=" " ind2=" ">
    <subfield code="a">vojáci</subfield>
    <subfield code="a">vojenští velitelé</subfield>
    <subfield code="a">generálové</subfield>
    <subfield code="a">šlechtici</subfield>
  </datafield>
  <datafield tag="375" ind1=" " ind2=" ">
    <subfield code="a">muž</subfield>
  </datafield>
  <datafield tag="377" ind1=" " ind2=" ">
    <subfield code="a">ger</subfield>
  </datafield>
  <datafield tag="400" ind1="1" ind2=" ">
    <subfield code="a">Krockow, Hans Caspar von,</subfield>
    <subfield code="d">1700-1759</subfield>
    <subfield code="0">o</subfield>
  </datafield>
  <datafield tag="667" ind1=" " ind2=" ">
    <subfield code="a">http://d-nb.info/gnd/136522416.</subfield>
  </datafield>
  <datafield tag="670" ind1=" " ind2=" ">
    <subfield code="a">Johann Jacob Schmidts, ..., Biblischer Mathematicus Oder Erläuterung der Heil. Schrift aus den Mathematischen Wissenschaften Der Arithmetic, Geometrie, Static, Architectur, Astronomie, Horographie und Optic ... Züllichau: In Verlegung des Waysenhauses Bey Gottlob Benjamin Frommann, 1736. [Dedikace]: Dem ... HERRN Hans Kaspar von Krockow</subfield>
    <subfield code="u">http://mdz-nbn-resolving.de/urn:nbn:de:bvb:12-bsb11285098-4</subfield>
  </datafield>
  <datafield tag="670" ind1=" " ind2=" ">
    <subfield code="a">DNB, cit. 14. 10. 2020</subfield>
    <subfield code="b">autoritní forma, odkaz viz, datum narození a úmrtí</subfield>
    <subfield code="u">http://d-nb.info/gnd/136522416</subfield>
  </datafield>
  <datafield tag="670" ind1=" " ind2=" ">
    <subfield code="a">www(Wikipedia, die freie Enzyklopädie), cit. 14. 10. 2020</subfield>
    <subfield code="b">biografické a profesní údaje</subfield>
    <subfield code="u">https://de.wikipedia.org/wiki/Hans_Kaspar_von_Krockow</subfield>
  </datafield>
  <datafield tag="678" ind1="0" ind2=" ">
    <subfield code="a">Německý šlechtic, pruský voják s hodností generálmajora a velitel 6. kyrysnického pluku „von Anhalt-Dessau“. Byl guvernérem Giebichensteinu a Moritzburgu. Vlastnil vesnice Peest und Palow (dnes Pieszcz a Pałowo, okres Sławno, Západopomořanské vojvodství, Polsko). V publikacích 18. století vystupoval v roli dedikanta.</subfield>
  </datafield>
  <datafield tag="906" ind1=" " ind2=" ">
    <subfield code="a">za20201014</subfield>
    <subfield code="b">evbr</subfield>
  </datafield>
  <datafield tag="906" ind1=" " ind2=" ">
    <subfield code="a">ko20201014</subfield>
    <subfield code="b">evbr</subfield>
  </datafield>
</record>