

<record>
  <leader>     nz  a22     n  4500</leader>
  <controlfield tag="001">pna20201089034</controlfield>
  <controlfield tag="003">CZ PrNK</controlfield>
  <controlfield tag="005">20201015074020.0</controlfield>
  <controlfield tag="008">201014|n|aznnnaabn           n a|a      </controlfield>
  <datafield tag="040" ind1=" " ind2=" ">
    <subfield code="a">PNA001</subfield>
    <subfield code="b">cze</subfield>
    <subfield code="d">ABA001</subfield>
    <subfield code="e">rda</subfield>
  </datafield>
  <datafield tag="046" ind1=" " ind2=" ">
    <subfield code="f">1992</subfield>
  </datafield>
  <datafield tag="100" ind1="1" ind2=" ">
    <subfield code="a">Orálková, Zuzana,</subfield>
    <subfield code="d">1992-</subfield>
    <subfield code="7">pna20201089034</subfield>
  </datafield>
  <datafield tag="370" ind1=" " ind2=" ">
    <subfield code="c">Česko</subfield>
  </datafield>
  <datafield tag="372" ind1=" " ind2=" ">
    <subfield code="a">dějiny</subfield>
    <subfield code="a">dějiny umění</subfield>
    <subfield code="a">německá filologie</subfield>
    <subfield code="a">církev</subfield>
    <subfield code="a">aristokracie</subfield>
  </datafield>
  <datafield tag="374" ind1=" " ind2=" ">
    <subfield code="a">historičky</subfield>
  </datafield>
  <datafield tag="375" ind1=" " ind2=" ">
    <subfield code="a">žena</subfield>
  </datafield>
  <datafield tag="377" ind1=" " ind2=" ">
    <subfield code="a">cze</subfield>
  </datafield>
  <datafield tag="670" ind1=" " ind2=" ">
    <subfield code="a">Orálková, Zuzana - Topičová, Soňa - Kouřil, Kryštof (eds.): Komunikační síť biskupa Karla z Lichtensteinu-Castelcorna (1624-1695), 2019</subfield>
    <subfield code="b">autoritní forma, rok narození, profesní údaje</subfield>
  </datafield>
  <datafield tag="678" ind1="0" ind2=" ">
    <subfield code="a">Narozena 1992. Absolventka oborů historie, dějiny umění a německá filologie, historička zaměřená na církevní aristokracii ve střední Evropě v 17. století.</subfield>
  </datafield>
  <datafield tag="906" ind1=" " ind2=" ">
    <subfield code="a">za20201014</subfield>
    <subfield code="b">kali</subfield>
  </datafield>
  <datafield tag="906" ind1=" " ind2=" ">
    <subfield code="a">fr20201015</subfield>
    <subfield code="b">lisi</subfield>
  </datafield>
</record>