

<record>
  <leader>     nz  a22     n  4500</leader>
  <controlfield tag="001">ko20201089037</controlfield>
  <controlfield tag="003">CZ PrNK</controlfield>
  <controlfield tag="005">20201014111350.0</controlfield>
  <controlfield tag="008">201014|n|aznnnaabn           n a|a      </controlfield>
  <datafield tag="040" ind1=" " ind2=" ">
    <subfield code="a">ABA001</subfield>
    <subfield code="b">cze</subfield>
    <subfield code="e">rda</subfield>
  </datafield>
  <datafield tag="110" ind1="2" ind2=" ">
    <subfield code="a">Univerzita Karlova.</subfield>
    <subfield code="b">Katedra farmaceutické botaniky</subfield>
    <subfield code="7">ko20201089037</subfield>
  </datafield>
  <datafield tag="368" ind1=" " ind2=" ">
    <subfield code="a">katedry vysokých škol</subfield>
  </datafield>
  <datafield tag="370" ind1=" " ind2=" ">
    <subfield code="c">Česko</subfield>
    <subfield code="e">Hradec Králové, Česko</subfield>
  </datafield>
  <datafield tag="372" ind1=" " ind2=" ">
    <subfield code="a">farmaceutická botanika</subfield>
    <subfield code="a">vysokoškolské studium</subfield>
  </datafield>
  <datafield tag="377" ind1=" " ind2=" ">
    <subfield code="a">cze</subfield>
  </datafield>
  <datafield tag="410" ind1="2" ind2=" ">
    <subfield code="a">Univerzita Karlova.</subfield>
    <subfield code="b">Farmaceutická fakulta v Hradci Králové.</subfield>
    <subfield code="b">Katedra farmaceutické botaniky</subfield>
    <subfield code="0">o</subfield>
  </datafield>
  <datafield tag="410" ind1="2" ind2=" ">
    <subfield code="a">Katedra farmaceutické botaniky Farmaceutické fakulty Univerzity Karlovy</subfield>
    <subfield code="0">o</subfield>
  </datafield>
  <datafield tag="410" ind1="2" ind2=" ">
    <subfield code="a">Katedra farmaceutické botaniky FaF UK</subfield>
    <subfield code="0">o</subfield>
  </datafield>
  <datafield tag="510" ind1="2" ind2=" ">
    <subfield code="w">a</subfield>
    <subfield code="a">Univerzita Karlova.</subfield>
    <subfield code="b">Katedra farmaceutické botaniky a ekologie</subfield>
    <subfield code="7">xx0005511</subfield>
  </datafield>
  <datafield tag="665" ind1=" " ind2=" ">
    <subfield code="a">Dřívější název: Katedra farmaceutické botaniky a ekologie.</subfield>
  </datafield>
  <datafield tag="670" ind1=" " ind2=" ">
    <subfield code="a">www(Farmaceutická fakulta v Hradci Králové - Katedra farmaceutické botaniky), cit. 14. 10. 2020</subfield>
    <subfield code="u">https://www.faf.cuni.cz/Fakulta/Organizacni-struktura/Katedry/Katedra-farmaceuticke-botaniky/</subfield>
  </datafield>
  <datafield tag="906" ind1=" " ind2=" ">
    <subfield code="a">br20201014</subfield>
    <subfield code="b">svsv</subfield>
  </datafield>
</record>