

<record>
  <leader>     nz  a22     n  4500</leader>
  <datafield tag="900" ind1=" " ind2=" ">
    <subfield code="a">J-NÁVRH-STT</subfield>
  </datafield>
  <controlfield tag="001">ntk20201089042</controlfield>
  <controlfield tag="003">CZ PrNK</controlfield>
  <controlfield tag="005">20201014113006.0</controlfield>
  <controlfield tag="008">201014|n|aznnnaabn           n a|a      </controlfield>
  <datafield tag="024" ind1="7" ind2=" ">
    <subfield code="a">Q26262524</subfield>
    <subfield code="2">wikidata</subfield>
  </datafield>
  <datafield tag="040" ind1=" " ind2=" ">
    <subfield code="a">ABA013</subfield>
    <subfield code="b">cze</subfield>
    <subfield code="e">rda</subfield>
  </datafield>
  <datafield tag="046" ind1=" " ind2=" ">
    <subfield code="f">1681</subfield>
    <subfield code="g">1750</subfield>
  </datafield>
  <datafield tag="100" ind1="1" ind2=" ">
    <subfield code="a">Below, Heino Friedrich von,</subfield>
    <subfield code="d">1681-1750</subfield>
    <subfield code="7">ntk20201089042</subfield>
  </datafield>
  <datafield tag="368" ind1=" " ind2=" ">
    <subfield code="d">Erbherr auf Pest und Palow im Krs. Schlawe</subfield>
    <subfield code="d">Landrat und Landvogt in Stolp</subfield>
  </datafield>
  <datafield tag="370" ind1=" " ind2=" ">
    <subfield code="c">Německo</subfield>
    <subfield code="f">Słupsk, Polsko</subfield>
    <subfield code="f">Pałowo, Polsko</subfield>
    <subfield code="f">Pieszcz, Polsko</subfield>
    <subfield code="f">Frankfurt nad Mohanem, Německo</subfield>
    <subfield code="f">Kaliningrad, Rusko</subfield>
  </datafield>
  <datafield tag="372" ind1=" " ind2=" ">
    <subfield code="a">místní správa</subfield>
    <subfield code="a">politika</subfield>
  </datafield>
  <datafield tag="374" ind1=" " ind2=" ">
    <subfield code="a">správní úředníci</subfield>
    <subfield code="a">politici</subfield>
    <subfield code="a">šlechtici</subfield>
  </datafield>
  <datafield tag="375" ind1=" " ind2=" ">
    <subfield code="a">muž</subfield>
  </datafield>
  <datafield tag="377" ind1=" " ind2=" ">
    <subfield code="a">ger</subfield>
  </datafield>
  <datafield tag="400" ind1="1" ind2=" ">
    <subfield code="a">Below, Heinrich Friedrich von,</subfield>
    <subfield code="d">1681-1750</subfield>
    <subfield code="0">o</subfield>
  </datafield>
  <datafield tag="667" ind1=" " ind2=" ">
    <subfield code="a">http://d-nb.info/gnd/1089590024.</subfield>
  </datafield>
  <datafield tag="667" ind1=" " ind2=" ">
    <subfield code="a">DNB uvádí v záznamu popisované osoby životní data 1687-1750. Jiné použité zdroje (publikace Rolfa Straubela a Wikipedie/Wikidata) uvádějí životní data detailní: narozen 17. srpna 1681, zemřel 29. června 1750)</subfield>
  </datafield>
  <datafield tag="670" ind1=" " ind2=" ">
    <subfield code="a">Johann Jacob Schmidts, ..., Biblischer Mathematicus Oder Erläuterung der Heil. Schrift aus den Mathematischen Wissenschaften Der Arithmetic, Geometrie, Static, Architectur, Astronomie, Horographie und Optic ... Züllichau: In Verlegung des Waysenhauses Bey Gottlob Benjamin Frommann, 1736. [Dedikace]: Dem ... HERRN Heino Friedrich von Below</subfield>
    <subfield code="u">http://mdz-nbn-resolving.de/urn:nbn:de:bvb:12-bsb11285098-4</subfield>
  </datafield>
  <datafield tag="670" ind1=" " ind2=" ">
    <subfield code="a">DNB, cit. 14. 10. 2020</subfield>
    <subfield code="b">autoritní forma, odkaz viz</subfield>
    <subfield code="u">http://d-nb.info/gnd/1089590024</subfield>
  </datafield>
  <datafield tag="670" ind1=" " ind2=" ">
    <subfield code="a">Landrat Heino (bzw. Heinrich) Friedrich von Below (1681-1750). In: Straubel, Rolf. Biographisches Handbuch der preußischen Verwaltungs- und Justizbeamten 1740-1806/15. Teil 1, Biographien A-L. München: Saur, 2009, s. 56. ISBN 978-3-598-44130-1</subfield>
    <subfield code="b">datum narození a úmrtí, biografické a profesní údaje</subfield>
    <subfield code="u">https://books.google.de/books?id=dwQ5XqLMxzMC</subfield>
  </datafield>
  <datafield tag="670" ind1=" " ind2=" ">
    <subfield code="a">www(Wikipedia, die freie Enzyklopädie), cit. 14. 10. 2020</subfield>
    <subfield code="b">biografické a profesní údaje</subfield>
    <subfield code="u">https://de.wikipedia.org/wiki/Heino_Friedrich_von_Below</subfield>
  </datafield>
  <datafield tag="675" ind1=" " ind2=" ">
    <subfield code="a">NUKAT, cit. 14. 10. 2020</subfield>
  </datafield>
  <datafield tag="678" ind1="0" ind2=" ">
    <subfield code="a">Německý šlechtic, působící v rámci bývalého Pruska v oblasti Meklenbursko-Pomořanské. Studoval v Königsberku a ve Frankfurtu nad Mohanem. Vlastnil vesnice Peest und Palow (dnes Pieszcz a Pałowo, okres Sławno, Západopomořanské vojvodství, Polsko). Zastával funkci správce a guvernéra okresu Stolp (dnes Słupsk, Polsko). V publikacích 18. století vystupoval v roli dedikanta.</subfield>
  </datafield>
  <datafield tag="906" ind1=" " ind2=" ">
    <subfield code="a">za20201014</subfield>
    <subfield code="b">evbr</subfield>
  </datafield>
  <datafield tag="906" ind1=" " ind2=" ">
    <subfield code="a">ko20201014</subfield>
    <subfield code="b">evbr</subfield>
  </datafield>
</record>