

<record>
  <leader>     nz  a22     n  4500</leader>
  <controlfield tag="001">pna20201089049</controlfield>
  <controlfield tag="003">CZ PrNK</controlfield>
  <controlfield tag="005">20201015075325.0</controlfield>
  <controlfield tag="008">201014|n|aznnnaabn           n a|a      </controlfield>
  <datafield tag="040" ind1=" " ind2=" ">
    <subfield code="a">PNA001</subfield>
    <subfield code="b">cze</subfield>
    <subfield code="d">ABA001</subfield>
    <subfield code="e">rda</subfield>
  </datafield>
  <datafield tag="046" ind1=" " ind2=" ">
    <subfield code="f">1916</subfield>
    <subfield code="g">2000</subfield>
  </datafield>
  <datafield tag="100" ind1="1" ind2=" ">
    <subfield code="a">Morgan, Murray,</subfield>
    <subfield code="d">1916-2000</subfield>
    <subfield code="7">pna20201089049</subfield>
  </datafield>
  <datafield tag="370" ind1=" " ind2=" ">
    <subfield code="c">Spojené státy americké</subfield>
    <subfield code="f">Washington</subfield>
  </datafield>
  <datafield tag="372" ind1=" " ind2=" ">
    <subfield code="a">regionální dějiny</subfield>
    <subfield code="a">dějiny</subfield>
    <subfield code="a">literární činnost</subfield>
    <subfield code="a">žurnalistika</subfield>
    <subfield code="a">politická činnost</subfield>
  </datafield>
  <datafield tag="374" ind1=" " ind2=" ">
    <subfield code="a">spisovatelé</subfield>
    <subfield code="a">novináři</subfield>
    <subfield code="a">političtí aktivisté</subfield>
    <subfield code="a">vysokoškolští učitelé</subfield>
  </datafield>
  <datafield tag="375" ind1=" " ind2=" ">
    <subfield code="a">muž</subfield>
  </datafield>
  <datafield tag="377" ind1=" " ind2=" ">
    <subfield code="a">eng</subfield>
  </datafield>
  <datafield tag="400" ind1="1" ind2=" ">
    <subfield code="a">Morgan, Murray C.,</subfield>
    <subfield code="d">1916-2000</subfield>
    <subfield code="0">o</subfield>
  </datafield>
  <datafield tag="400" ind1="1" ind2=" ">
    <subfield code="a">Morgan, Murray Cromwell,</subfield>
    <subfield code="d">1916-2000</subfield>
    <subfield code="0">o</subfield>
  </datafield>
  <datafield tag="670" ind1=" " ind2=" ">
    <subfield code="a">Morgan, Murray: Skid road, 1962</subfield>
  </datafield>
  <datafield tag="670" ind1=" " ind2=" ">
    <subfield code="a">LC (Names), cit. 14. 10. 2020</subfield>
    <subfield code="b">autoritní forma, odkazy viz, data</subfield>
  </datafield>
  <datafield tag="670" ind1=" " ind2=" ">
    <subfield code="a">www(Wikipedia, the free encyclopedia), cit. 14. 10. 2020</subfield>
    <subfield code="b">souvis. místo, profesní údaje</subfield>
    <subfield code="u">https://en.wikipedia.org/wiki/Murray_Morgan</subfield>
  </datafield>
  <datafield tag="678" ind1="0" ind2=" ">
    <subfield code="a">Spisovatel, novinář a politický aktivista, vysokoškolský pedagog dějin, historik regionu Pugetova zálivu (Washington).</subfield>
  </datafield>
  <datafield tag="906" ind1=" " ind2=" ">
    <subfield code="a">za20201014</subfield>
    <subfield code="b">kali</subfield>
  </datafield>
  <datafield tag="906" ind1=" " ind2=" ">
    <subfield code="a">vr20201015</subfield>
    <subfield code="b">lisi</subfield>
  </datafield>
</record>