

<record>
  <leader>     nz  a22     n  4500</leader>
  <controlfield tag="001">aun20201089061</controlfield>
  <controlfield tag="003">CZ PrNK</controlfield>
  <controlfield tag="005">20201014125244.0</controlfield>
  <controlfield tag="008">201014|n|aznnnaabn           n a|a      </controlfield>
  <datafield tag="040" ind1=" " ind2=" ">
    <subfield code="a">ABA001</subfield>
    <subfield code="b">cze</subfield>
    <subfield code="e">rda</subfield>
  </datafield>
  <datafield tag="100" ind1="1" ind2=" ">
    <subfield code="a">Bradbury, Ray,</subfield>
    <subfield code="d">1920-2012.</subfield>
    <subfield code="t">Dandelion wine.</subfield>
    <subfield code="l">Česky</subfield>
    <subfield code="7">aun20201089061</subfield>
  </datafield>
  <datafield tag="400" ind1="1" ind2=" ">
    <subfield code="a">Bradbury, Ray,</subfield>
    <subfield code="d">1920-2012.</subfield>
    <subfield code="t">Pampeliškové víno</subfield>
    <subfield code="0">o</subfield>
  </datafield>
  <datafield tag="670" ind1=" " ind2=" ">
    <subfield code="a">Pampeliškové víno / Ray Bradbury. Praha : Kniha Zlin, 2020</subfield>
  </datafield>
  <datafield tag="670" ind1=" " ind2=" ">
    <subfield code="a">LC (Names)</subfield>
  </datafield>
  <datafield tag="670" ind1=" " ind2=" ">
    <subfield code="a">www(Wikipedia, the free encyclopedia)</subfield>
  </datafield>
  <datafield tag="906" ind1=" " ind2=" ">
    <subfield code="a">br20201014</subfield>
    <subfield code="b">juri</subfield>
  </datafield>
  <datafield tag="906" ind1=" " ind2=" ">
    <subfield code="a">ks20201014</subfield>
    <subfield code="b">juri</subfield>
  </datafield>
</record>