

<record>
  <leader>     nz  a22     n  4500</leader>
  <datafield tag="900" ind1=" " ind2=" ">
    <subfield code="a">J-NÁVRH</subfield>
  </datafield>
  <controlfield tag="001">mub20201089063</controlfield>
  <controlfield tag="003">CZ PrNK</controlfield>
  <controlfield tag="005">20201014215620.0</controlfield>
  <controlfield tag="008">201014|n|aznnnaabn           n a|a      </controlfield>
  <datafield tag="040" ind1=" " ind2=" ">
    <subfield code="a">BOD010</subfield>
    <subfield code="b">cze</subfield>
    <subfield code="e">rda</subfield>
  </datafield>
  <datafield tag="100" ind1="1" ind2=" ">
    <subfield code="a">Waszkiewicz, Napoleon</subfield>
    <subfield code="7">mub20201089063</subfield>
  </datafield>
  <datafield tag="370" ind1=" " ind2=" ">
    <subfield code="c">Polsko</subfield>
  </datafield>
  <datafield tag="372" ind1=" " ind2=" ">
    <subfield code="a">psychiatrie</subfield>
    <subfield code="a">metabolická onemocnění</subfield>
    <subfield code="a">duševní poruchy</subfield>
    <subfield code="a">schizofrenie</subfield>
    <subfield code="a">deprese</subfield>
    <subfield code="a">bipolární afektivní porucha</subfield>
  </datafield>
  <datafield tag="374" ind1=" " ind2=" ">
    <subfield code="a">psychiatři</subfield>
    <subfield code="a">vysokoškolští učitelé</subfield>
    <subfield code="a">vedoucí pracovníci</subfield>
  </datafield>
  <datafield tag="375" ind1=" " ind2=" ">
    <subfield code="a">muž</subfield>
  </datafield>
  <datafield tag="377" ind1=" " ind2=" ">
    <subfield code="a">pol</subfield>
  </datafield>
  <datafield tag="670" ind1=" " ind2=" ">
    <subfield code="a">Wybrane prawne i medyczne aspekty zaburzeń psychicznych i ich profilaktyki (pod redakcją naukową Napoleona Waszkiewicza), 2019</subfield>
  </datafield>
  <datafield tag="670" ind1=" " ind2=" ">
    <subfield code="a">NUKAT, cit. 14. 10. 2020</subfield>
    <subfield code="b">autoritní forma</subfield>
  </datafield>
  <datafield tag="670" ind1=" " ind2=" ">
    <subfield code="a">www(Allenort), cit. 14. 10. 2020</subfield>
    <subfield code="b">profesní údaje</subfield>
  </datafield>
  <datafield tag="678" ind1="0" ind2=" ">
    <subfield code="a">Polský psychiatr, vedoucí kliniky Lékařské univerzity v Białystoku a prezident Polské psychiatrické společnosti, specialista na depresi, schizofrenii a bipolární poruchu.</subfield>
  </datafield>
  <datafield tag="906" ind1=" " ind2=" ">
    <subfield code="a">za20201014</subfield>
    <subfield code="b">honigova</subfield>
  </datafield>
  <datafield tag="906" ind1=" " ind2=" ">
    <subfield code="a">ko20201014</subfield>
    <subfield code="b">pospel</subfield>
  </datafield>
</record>