

<record>
  <leader>     nz  a22     n  4500</leader>
  <datafield tag="900" ind1=" " ind2=" ">
    <subfield code="a">J-NÁVRH</subfield>
  </datafield>
  <controlfield tag="001">mub20201089072</controlfield>
  <controlfield tag="003">CZ PrNK</controlfield>
  <controlfield tag="005">20201014214419.0</controlfield>
  <controlfield tag="008">201014|n|aznnnaabn           n a|a      </controlfield>
  <datafield tag="040" ind1=" " ind2=" ">
    <subfield code="a">BOD010</subfield>
    <subfield code="b">cze</subfield>
    <subfield code="e">rda</subfield>
  </datafield>
  <datafield tag="100" ind1="1" ind2=" ">
    <subfield code="a">Chojnowska, Sylwia</subfield>
    <subfield code="7">mub20201089072</subfield>
  </datafield>
  <datafield tag="370" ind1=" " ind2=" ">
    <subfield code="c">Polsko</subfield>
  </datafield>
  <datafield tag="372" ind1=" " ind2=" ">
    <subfield code="a">diagnostika (lékařství)</subfield>
    <subfield code="a">biochemie</subfield>
    <subfield code="a">přírodní léčiva</subfield>
    <subfield code="a">farmakognozie</subfield>
  </datafield>
  <datafield tag="374" ind1=" " ind2=" ">
    <subfield code="a">lékařky</subfield>
    <subfield code="a">biochemičky</subfield>
    <subfield code="a">vysokoškolské učitelky</subfield>
  </datafield>
  <datafield tag="375" ind1=" " ind2=" ">
    <subfield code="a">žena</subfield>
  </datafield>
  <datafield tag="377" ind1=" " ind2=" ">
    <subfield code="a">pol</subfield>
  </datafield>
  <datafield tag="670" ind1=" " ind2=" ">
    <subfield code="a">Wybrane prawne i medyczne aspekty zaburzeń psychicznych i ich profilaktyki (pod redakcją naukową Sylwii Chojnowskiej), 2019</subfield>
  </datafield>
  <datafield tag="670" ind1=" " ind2=" ">
    <subfield code="a">NUKAT, cit. 14. 10. 2020</subfield>
    <subfield code="b">autoritní forma</subfield>
  </datafield>
  <datafield tag="670" ind1=" " ind2=" ">
    <subfield code="a">www(Narew), cit. 14. 10. 2020</subfield>
    <subfield code="b">profesní údaje</subfield>
  </datafield>
  <datafield tag="678" ind1="0" ind2=" ">
    <subfield code="a">Polská lékařka a biochemička, výzkumná pracovnice, vysokoškolská pedagožka a prorektorka pro vědu a mezinárodní spolupráci na Státní škole informačních technologií a podnikání v Łomze, specialistka na diagnostický význam lysozomálních exoglykosidáz, na biochemii a přírodní medicínu, zejména na farmakognozii.</subfield>
  </datafield>
  <datafield tag="906" ind1=" " ind2=" ">
    <subfield code="a">za20201014</subfield>
    <subfield code="b">honigova</subfield>
  </datafield>
  <datafield tag="906" ind1=" " ind2=" ">
    <subfield code="a">ko20201014</subfield>
    <subfield code="b">pospel</subfield>
  </datafield>
</record>