

<record>
  <leader>     nz  a22     n  4500</leader>
  <controlfield tag="001">kon20201089074</controlfield>
  <controlfield tag="003">CZ PrNK</controlfield>
  <controlfield tag="005">20201014132639.0</controlfield>
  <controlfield tag="008">201014|n|aznnnaabn           n a|a      </controlfield>
  <datafield tag="040" ind1=" " ind2=" ">
    <subfield code="a">ABA001</subfield>
    <subfield code="b">cze</subfield>
    <subfield code="e">rda</subfield>
  </datafield>
  <datafield tag="110" ind1="2" ind2=" ">
    <subfield code="a">Spolek vojenských vysloužilců v Humpolci.</subfield>
    <subfield code="t">Výroční zpráva (Spolek vojenských vysloužilců v Humpolci)</subfield>
    <subfield code="7">kon20201089074</subfield>
  </datafield>
  <datafield tag="410" ind1="2" ind2=" ">
    <subfield code="a">Spolek vojenských vysloužilců v Humpolci.</subfield>
    <subfield code="t">Jubilejní zpráva Spolku vojenských vysloužilců v Humpolci</subfield>
    <subfield code="0">o</subfield>
  </datafield>
  <datafield tag="410" ind1="2" ind2=" ">
    <subfield code="a">Spolek vojenských vysloužilců v Humpolci.</subfield>
    <subfield code="t">Zpráva Spolku vojenských vysloužilců v Humpolci</subfield>
    <subfield code="0">o</subfield>
  </datafield>
  <datafield tag="670" ind1=" " ind2=" ">
    <subfield code="a">Jubilejní zpráva Spolku vojenských vysloužilců v Humpolci. V Humpolci : nákladem Spolku vojenských vysloužilců, 1899</subfield>
  </datafield>
  <datafield tag="906" ind1=" " ind2=" ">
    <subfield code="a">br20201014</subfield>
    <subfield code="b">juri</subfield>
  </datafield>
  <datafield tag="906" ind1=" " ind2=" ">
    <subfield code="a">ks20201014</subfield>
    <subfield code="b">juri</subfield>
  </datafield>
</record>