

<record>
  <leader>     nz  a22     n  4500</leader>
  <datafield tag="900" ind1=" " ind2=" ">
    <subfield code="a">J-NÁVRH-STT</subfield>
  </datafield>
  <controlfield tag="001">ntk20201089089</controlfield>
  <controlfield tag="003">CZ PrNK</controlfield>
  <controlfield tag="005">20201014152312.0</controlfield>
  <controlfield tag="008">201014|n|aznnnaabn           n a|a      </controlfield>
  <datafield tag="024" ind1="7" ind2=" ">
    <subfield code="a">Q17285160</subfield>
    <subfield code="2">wikidata</subfield>
  </datafield>
  <datafield tag="040" ind1=" " ind2=" ">
    <subfield code="a">ABA013</subfield>
    <subfield code="b">cze</subfield>
    <subfield code="e">rda</subfield>
  </datafield>
  <datafield tag="046" ind1=" " ind2=" ">
    <subfield code="f">1694</subfield>
    <subfield code="g">1762</subfield>
  </datafield>
  <datafield tag="100" ind1="1" ind2=" ">
    <subfield code="a">Münchhausen, Philipp Adolph von,</subfield>
    <subfield code="d">1694-1762</subfield>
    <subfield code="7">ntk20201089089</subfield>
  </datafield>
  <datafield tag="368" ind1=" " ind2=" ">
    <subfield code="d">Freiherr</subfield>
  </datafield>
  <datafield tag="370" ind1=" " ind2=" ">
    <subfield code="b">Hannover, Německo</subfield>
    <subfield code="c">Německo</subfield>
    <subfield code="c">Velká Británie</subfield>
    <subfield code="f">Hannover, Německo</subfield>
    <subfield code="f">Londýn, Anglie</subfield>
    <subfield code="f">Steinburg, Finneland, Německo</subfield>
    <subfield code="f">Halle an der Saale, Německo</subfield>
    <subfield code="f">Jena, Německo</subfield>
  </datafield>
  <datafield tag="372" ind1=" " ind2=" ">
    <subfield code="a">právo</subfield>
    <subfield code="a">politika</subfield>
    <subfield code="a">státní správa</subfield>
  </datafield>
  <datafield tag="374" ind1=" " ind2=" ">
    <subfield code="a">právníci</subfield>
    <subfield code="a">politici</subfield>
    <subfield code="a">ministři</subfield>
  </datafield>
  <datafield tag="375" ind1=" " ind2=" ">
    <subfield code="a">muž</subfield>
  </datafield>
  <datafield tag="377" ind1=" " ind2=" ">
    <subfield code="a">lat</subfield>
    <subfield code="a">ger</subfield>
  </datafield>
  <datafield tag="400" ind1="1" ind2=" ">
    <subfield code="a">Munchhausen, Philipp Adolph von,</subfield>
    <subfield code="d">1694-1762</subfield>
    <subfield code="0">o</subfield>
  </datafield>
  <datafield tag="400" ind1="1" ind2=" ">
    <subfield code="a">Muenchhausen, Philipp Adolph von,</subfield>
    <subfield code="d">1694-1762</subfield>
    <subfield code="0">o</subfield>
  </datafield>
  <datafield tag="400" ind1="1" ind2=" ">
    <subfield code="a">Munchhausen, Philippus A.,</subfield>
    <subfield code="d">1694-1762</subfield>
    <subfield code="0">o</subfield>
  </datafield>
  <datafield tag="400" ind1="1" ind2=" ">
    <subfield code="a">Munchhausen, Philippus A. de,</subfield>
    <subfield code="d">1694-1762</subfield>
    <subfield code="0">o</subfield>
  </datafield>
  <datafield tag="400" ind1="1" ind2=" ">
    <subfield code="a">Munchhausen, Philippus Adolphus de,</subfield>
    <subfield code="d">1694-1762</subfield>
    <subfield code="0">o</subfield>
  </datafield>
  <datafield tag="400" ind1="1" ind2=" ">
    <subfield code="a">Münchhausen, Philipp A. von,</subfield>
    <subfield code="d">1694-1762</subfield>
    <subfield code="0">o</subfield>
  </datafield>
  <datafield tag="400" ind1="1" ind2=" ">
    <subfield code="a">Munchhausen, Philippus Adolphus de,</subfield>
    <subfield code="d">1694-1762</subfield>
    <subfield code="0">o</subfield>
  </datafield>
  <datafield tag="400" ind1="1" ind2=" ">
    <subfield code="a">Munchhausen, Philippus Adolphus,</subfield>
    <subfield code="c">Liber Baro de,</subfield>
    <subfield code="d">1694-1762</subfield>
    <subfield code="0">o</subfield>
  </datafield>
  <datafield tag="400" ind1="1" ind2=" ">
    <subfield code="a">Munchhausen, Philippus Adolphus,</subfield>
    <subfield code="c">L. B. de,</subfield>
    <subfield code="d">1694-1762</subfield>
    <subfield code="0">o</subfield>
  </datafield>
  <datafield tag="667" ind1=" " ind2=" ">
    <subfield code="a">http://d-nb.info/gnd/115752803.</subfield>
  </datafield>
  <datafield tag="670" ind1=" " ind2=" ">
    <subfield code="a">Die harmonische Verhältniß, wonach alle reguläre Vielecke geometrice erwiesen, und in einem Circkel beschrieben werden, als den Grund der widerrechtlich verhasseten und verruffenen arithmetischen QUADRATUR des Circkels, untersuchet und erweiset zum Vorschmack ANDREAS CLAVIUS ... Franckfurth und Leipzig, 1755. [Dedikace]: ... Herrn PHILIPP ADOLPH Frey-Herrn von MÜNCHHAUSEN ...</subfield>
    <subfield code="b">autoritní forma</subfield>
    <subfield code="u">http://resolver.sub.uni-goettingen.de/purl?PPN615895387</subfield>
  </datafield>
  <datafield tag="670" ind1=" " ind2=" ">
    <subfield code="a">DNB, cit. 14. 10. 2020</subfield>
    <subfield code="b">autoritní forma, odkazy viz, datum narození a úmrtí, místo úmrtí a místa činnosti</subfield>
    <subfield code="u">http://d-nb.info/gnd/115752803</subfield>
  </datafield>
  <datafield tag="670" ind1=" " ind2=" ">
    <subfield code="a">www(Wikipedia, die freie Enzyklopädie), cit. 14. 10. 2020</subfield>
    <subfield code="b">biografické a profesní údaje</subfield>
    <subfield code="u">https://de.wikipedia.org/wiki/Philipp_Adolph_von_M%C3%BCnchhausen</subfield>
  </datafield>
  <datafield tag="678" ind1="0" ind2=" ">
    <subfield code="a">Německý správní právník a politik, vlastník panství Steinburg. Vystudoval práva na univerzitách v Jeně a Halle. V r. 1741 byl jmenován ministrem zahraničí vlády v Hannoveru a v r. 1749 stal se vedoucím německé kanceláře v Londýně. Jeho bratrem byl právník a politik Gerlach Adolph von Münchhausen (1688-1770). Jeho dědečkem byl tajný rada v Oldenburgu Philipp Adolph von Münchhausen (1594-1657). V publikacích 18. století vystupoval také v roli dedikanta.</subfield>
  </datafield>
  <datafield tag="906" ind1=" " ind2=" ">
    <subfield code="a">za20201014</subfield>
    <subfield code="b">evbr</subfield>
  </datafield>
  <datafield tag="906" ind1=" " ind2=" ">
    <subfield code="a">ko20201014</subfield>
    <subfield code="b">evbr</subfield>
  </datafield>
</record>