

<record>
  <leader>     nz  a22     n  4500</leader>
  <controlfield tag="001">aun20201089093</controlfield>
  <controlfield tag="003">CZ PrNK</controlfield>
  <controlfield tag="005">20201014140928.0</controlfield>
  <controlfield tag="008">201014|n|aznnnaabn           n a|a      </controlfield>
  <datafield tag="040" ind1=" " ind2=" ">
    <subfield code="a">ABA001</subfield>
    <subfield code="b">cze</subfield>
    <subfield code="e">rda</subfield>
  </datafield>
  <datafield tag="100" ind1="1" ind2=" ">
    <subfield code="a">Journet, Charles,</subfield>
    <subfield code="d">1891-1975.</subfield>
    <subfield code="t">Sept paroles du Christ en croix.</subfield>
    <subfield code="l">Česky</subfield>
    <subfield code="7">aun20201089093</subfield>
  </datafield>
  <datafield tag="400" ind1="1" ind2=" ">
    <subfield code="a">Journet, Charles,</subfield>
    <subfield code="d">1891-1975.</subfield>
    <subfield code="t">Sedm Kristových slov na kříži</subfield>
    <subfield code="0">o</subfield>
  </datafield>
  <datafield tag="667" ind1=" " ind2=" ">
    <subfield code="a">Úplný název: Les sept paroles du Christ en croix.</subfield>
  </datafield>
  <datafield tag="670" ind1=" " ind2=" ">
    <subfield code="a">Sedm Kristových slov na kříži / Charles Journet. Praha : Krystal OP, 2020</subfield>
  </datafield>
  <datafield tag="670" ind1=" " ind2=" ">
    <subfield code="a">www(Wikipédia, l'encyclopédie libre)</subfield>
  </datafield>
  <datafield tag="906" ind1=" " ind2=" ">
    <subfield code="a">br20201014</subfield>
    <subfield code="b">juri</subfield>
  </datafield>
  <datafield tag="906" ind1=" " ind2=" ">
    <subfield code="a">ks20201014</subfield>
    <subfield code="b">juri</subfield>
  </datafield>
</record>