

<record>
  <leader>     nz  a22     n  4500</leader>
  <controlfield tag="001">ko20201089108</controlfield>
  <controlfield tag="003">CZ PrNK</controlfield>
  <controlfield tag="005">20201014143830.0</controlfield>
  <controlfield tag="008">201014|n|aznnnaabn           n a|a      </controlfield>
  <datafield tag="040" ind1=" " ind2=" ">
    <subfield code="a">ABA001</subfield>
    <subfield code="b">cze</subfield>
    <subfield code="e">rda</subfield>
  </datafield>
  <datafield tag="110" ind1="2" ind2=" ">
    <subfield code="a">Univerzita Karlova.</subfield>
    <subfield code="b">Farmaceutická fakulta v Hradci Králové.</subfield>
    <subfield code="b">Katedra organické a bioorganické chemie</subfield>
    <subfield code="7">ko20201089108</subfield>
  </datafield>
  <datafield tag="368" ind1=" " ind2=" ">
    <subfield code="a">katedry vysokých škol</subfield>
  </datafield>
  <datafield tag="370" ind1=" " ind2=" ">
    <subfield code="c">Česko</subfield>
    <subfield code="e">Hradec Králové, Česko</subfield>
  </datafield>
  <datafield tag="372" ind1=" " ind2=" ">
    <subfield code="a">bioorganická chemie</subfield>
    <subfield code="a">organická chemie</subfield>
    <subfield code="a">vysokoškolské studium</subfield>
  </datafield>
  <datafield tag="377" ind1=" " ind2=" ">
    <subfield code="a">cze</subfield>
  </datafield>
  <datafield tag="410" ind1="2" ind2=" ">
    <subfield code="a">Univerzita Karlova.</subfield>
    <subfield code="b">Katedra organické a bioorganické chemie</subfield>
    <subfield code="0">o</subfield>
  </datafield>
  <datafield tag="410" ind1="2" ind2=" ">
    <subfield code="a">Katedra organické a bioorganické chemie Farmaceutické fakulty UK</subfield>
    <subfield code="0">o</subfield>
  </datafield>
  <datafield tag="410" ind1="2" ind2=" ">
    <subfield code="a">Katedra organické a bioorganické chemie FaF UK</subfield>
    <subfield code="0">o</subfield>
  </datafield>
  <datafield tag="510" ind1="2" ind2=" ">
    <subfield code="w">a</subfield>
    <subfield code="a">Univerzita Karlova.</subfield>
    <subfield code="b">Farmaceutická fakulta v Hradci Králové.</subfield>
    <subfield code="b">Katedra anorganické a organické chemie</subfield>
    <subfield code="7">xx0005866</subfield>
  </datafield>
  <datafield tag="665" ind1=" " ind2=" ">
    <subfield code="a">Dřívější název: Katedra anorganické a organické chemie.</subfield>
  </datafield>
  <datafield tag="670" ind1=" " ind2=" ">
    <subfield code="a">www(Farmaceutická fakulta v Hradci Králové - Katedra organické a bioorganické chemie), cit. 14. 10. 2020</subfield>
    <subfield code="u">https://www.faf.cuni.cz/Fakulta/Organizacni-struktura/Katedry/Katedra-organicke-a-bioorganicke-chemie/</subfield>
  </datafield>
  <datafield tag="906" ind1=" " ind2=" ">
    <subfield code="a">br20201014</subfield>
    <subfield code="b">svsv</subfield>
  </datafield>
</record>