

<record>
  <leader>     cz  a22     n  4500</leader>
  <controlfield tag="001">xx0252769</controlfield>
  <controlfield tag="003">CZ PrNK</controlfield>
  <controlfield tag="005">20201015090346.0</controlfield>
  <controlfield tag="008">201014|n|aznnnaabn           n a|a      </controlfield>
  <datafield tag="040" ind1=" " ind2=" ">
    <subfield code="a">OLD012</subfield>
    <subfield code="b">cze</subfield>
    <subfield code="e">rda</subfield>
  </datafield>
  <datafield tag="111" ind1="2" ind2=" ">
    <subfield code="a">Tempests and Romantic Visionaries: Images of Storms in European and American Art (výstava)</subfield>
    <subfield code="d">(2006 :</subfield>
    <subfield code="c">Oklahoma City, Oklahoma)</subfield>
    <subfield code="7">xx0252769</subfield>
  </datafield>
  <datafield tag="MOR" ind1="1" ind2=" ">
    <subfield code="a">Tempests and romantic visionaries: images of storms in European and American art (výstava)</subfield>
    <subfield code="d">(2006 :</subfield>
    <subfield code="c">Oklahoma City, Oklahoma)</subfield>
    <subfield code="7">xx0252769</subfield>
  </datafield>
  <datafield tag="368" ind1=" " ind2=" ">
    <subfield code="a">výstavy</subfield>
  </datafield>
  <datafield tag="370" ind1=" " ind2=" ">
    <subfield code="c">Spojené státy americké</subfield>
    <subfield code="e">Oklahoma City, Oklahoma</subfield>
  </datafield>
  <datafield tag="372" ind1=" " ind2=" ">
    <subfield code="a">americké malířství</subfield>
    <subfield code="a">evropské malířství</subfield>
    <subfield code="a">bouřky</subfield>
    <subfield code="a">umělecké náměty</subfield>
  </datafield>
  <datafield tag="377" ind1=" " ind2=" ">
    <subfield code="a">eng</subfield>
  </datafield>
  <datafield tag="670" ind1=" " ind2=" ">
    <subfield code="a">Tempests: tempests and romantic visionaries: images of storms in European and American art, 2006</subfield>
    <subfield code="b">autoritní forma, biografické údaje</subfield>
  </datafield>
  <datafield tag="906" ind1=" " ind2=" ">
    <subfield code="a">za20201014</subfield>
    <subfield code="b">xpalz</subfield>
  </datafield>
  <datafield tag="906" ind1=" " ind2=" ">
    <subfield code="a">oz20201015</subfield>
    <subfield code="b">svsv</subfield>
    <subfield code="c">Záhlaví - oprava</subfield>
  </datafield>
</record>