

<record>
  <leader>     nz  a22     n  4500</leader>
  <controlfield tag="001">mub20201089131</controlfield>
  <controlfield tag="003">CZ PrNK</controlfield>
  <controlfield tag="005">20201014163545.0</controlfield>
  <controlfield tag="008">201014|n|aznnnaabn           n a|a      </controlfield>
  <datafield tag="040" ind1=" " ind2=" ">
    <subfield code="a">BOD114</subfield>
    <subfield code="b">cze</subfield>
    <subfield code="d">ABA001</subfield>
    <subfield code="e">rda</subfield>
  </datafield>
  <datafield tag="046" ind1=" " ind2=" ">
    <subfield code="f">1966</subfield>
  </datafield>
  <datafield tag="100" ind1="1" ind2=" ">
    <subfield code="a">Grabowski, Rafał Dominik,</subfield>
    <subfield code="d">1966-</subfield>
    <subfield code="7">mub20201089131</subfield>
  </datafield>
  <datafield tag="370" ind1=" " ind2=" ">
    <subfield code="c">Polsko</subfield>
  </datafield>
  <datafield tag="372" ind1=" " ind2=" ">
    <subfield code="a">teologie a filozofie</subfield>
    <subfield code="a">právní filozofie</subfield>
    <subfield code="a">komunikace (sdělování)</subfield>
    <subfield code="a">sociální komunikace</subfield>
  </datafield>
  <datafield tag="374" ind1=" " ind2=" ">
    <subfield code="a">teologové</subfield>
    <subfield code="a">filozofové</subfield>
    <subfield code="a">sociologové</subfield>
  </datafield>
  <datafield tag="375" ind1=" " ind2=" ">
    <subfield code="a">muž</subfield>
  </datafield>
  <datafield tag="377" ind1=" " ind2=" ">
    <subfield code="a">pol</subfield>
  </datafield>
  <datafield tag="670" ind1=" " ind2=" ">
    <subfield code="a">Dziennikarski etos : z wybranych zagadnień deontologii dziennikarskiej (redakcja Zdzisława Kobylińska, Rafał Dominik Grabowski), 1996</subfield>
  </datafield>
  <datafield tag="670" ind1=" " ind2=" ">
    <subfield code="a">NUKAT, cit. 14. 10. 2020</subfield>
    <subfield code="b">autoritní forma, datum narození</subfield>
  </datafield>
  <datafield tag="670" ind1=" " ind2=" ">
    <subfield code="a">BLPC, cit. 14. 10. 2020</subfield>
    <subfield code="b">publikační zaměření, profesní údaje</subfield>
  </datafield>
  <datafield tag="670" ind1=" " ind2=" ">
    <subfield code="a">www(INFOVERITI), cit. 14. 10. 2020</subfield>
    <subfield code="b">biografické údaje</subfield>
  </datafield>
  <datafield tag="678" ind1="0" ind2=" ">
    <subfield code="a">Polský teolog, filozof práva, teoretik sociální komunikace.</subfield>
  </datafield>
  <datafield tag="906" ind1=" " ind2=" ">
    <subfield code="a">ko20201014</subfield>
    <subfield code="b">pospel</subfield>
  </datafield>
  <datafield tag="906" ind1=" " ind2=" ">
    <subfield code="a">vr20201014</subfield>
    <subfield code="b">maku</subfield>
  </datafield>
</record>