

<record>
  <leader>     nz  a22     n  4500</leader>
  <datafield tag="900" ind1=" " ind2=" ">
    <subfield code="a">J-NÁVRH-STT</subfield>
  </datafield>
  <controlfield tag="001">ntk20201089132</controlfield>
  <controlfield tag="003">CZ PrNK</controlfield>
  <controlfield tag="005">20201014195758.0</controlfield>
  <controlfield tag="008">201014|n|aznnnaabn           n a|a      </controlfield>
  <datafield tag="024" ind1="7" ind2=" ">
    <subfield code="a">0000000375550800</subfield>
    <subfield code="2">isni</subfield>
  </datafield>
  <datafield tag="024" ind1="7" ind2=" ">
    <subfield code="a">Q94856209</subfield>
    <subfield code="2">wikidata</subfield>
  </datafield>
  <datafield tag="040" ind1=" " ind2=" ">
    <subfield code="a">ABA013</subfield>
    <subfield code="b">cze</subfield>
    <subfield code="e">rda</subfield>
  </datafield>
  <datafield tag="046" ind1=" " ind2=" ">
    <subfield code="f">1695</subfield>
    <subfield code="g">1769</subfield>
  </datafield>
  <datafield tag="100" ind1="1" ind2=" ">
    <subfield code="a">Diede zum Fürstenstein, Carl,</subfield>
    <subfield code="d">1695-1769</subfield>
    <subfield code="7">ntk20201089132</subfield>
  </datafield>
  <datafield tag="368" ind1=" " ind2=" ">
    <subfield code="d">Freiherr zum Fürstenstein</subfield>
    <subfield code="d">Braunschweig-lüneburgischer GeheimerRat</subfield>
    <subfield code="d">Ingenieure</subfield>
  </datafield>
  <datafield tag="370" ind1=" " ind2=" ">
    <subfield code="c">Německo</subfield>
    <subfield code="f">Celle, Německo</subfield>
    <subfield code="f">Clausthal-Zellerfeld, Německo</subfield>
    <subfield code="f">Brunšvicko</subfield>
    <subfield code="f">Lüneburské knížectví</subfield>
  </datafield>
  <datafield tag="372" ind1=" " ind2=" ">
    <subfield code="a">lokální politika</subfield>
    <subfield code="a">místní správa</subfield>
  </datafield>
  <datafield tag="374" ind1=" " ind2=" ">
    <subfield code="a">regionální politici</subfield>
    <subfield code="a">správní úředníci</subfield>
    <subfield code="a">technici</subfield>
    <subfield code="a">inženýři</subfield>
  </datafield>
  <datafield tag="375" ind1=" " ind2=" ">
    <subfield code="a">muž</subfield>
  </datafield>
  <datafield tag="377" ind1=" " ind2=" ">
    <subfield code="a">ger</subfield>
    <subfield code="a">lat</subfield>
  </datafield>
  <datafield tag="400" ind1="1" ind2=" ">
    <subfield code="a">Diede zum Fürstenstein, Karl Philipp von,</subfield>
    <subfield code="d">1695-1769</subfield>
    <subfield code="0">o</subfield>
  </datafield>
  <datafield tag="400" ind1="1" ind2=" ">
    <subfield code="a">Fürstenstein, Carl Diede zum,</subfield>
    <subfield code="d">1695-1769</subfield>
    <subfield code="0">o</subfield>
  </datafield>
  <datafield tag="400" ind1="1" ind2=" ">
    <subfield code="a">Fürstenstein, Carl Diede von,</subfield>
    <subfield code="d">1695-1769</subfield>
    <subfield code="0">o</subfield>
  </datafield>
  <datafield tag="400" ind1="1" ind2=" ">
    <subfield code="w">r</subfield>
    <subfield code="i">Pseudonym:</subfield>
    <subfield code="a">Fürstenstein, Karl Philipp von Diede zum,</subfield>
    <subfield code="d">1695-1769</subfield>
    <subfield code="0">o</subfield>
  </datafield>
  <datafield tag="400" ind1="1" ind2=" ">
    <subfield code="a">Fürstenstein, Carl Dieden von,</subfield>
    <subfield code="d">1695-1769</subfield>
    <subfield code="0">o</subfield>
  </datafield>
  <datafield tag="400" ind1="1" ind2=" ">
    <subfield code="a">Fürstenstein, Carl Dide von,</subfield>
    <subfield code="d">1695-1769</subfield>
    <subfield code="0">o</subfield>
  </datafield>
  <datafield tag="400" ind1="1" ind2=" ">
    <subfield code="a">Furstenstein, Carolus Diede,</subfield>
    <subfield code="c">Liber Baro de,</subfield>
    <subfield code="d">1695-1769</subfield>
    <subfield code="0">o</subfield>
  </datafield>
  <datafield tag="400" ind1="1" ind2=" ">
    <subfield code="a">Fürstenstein, C. Diede zu,</subfield>
    <subfield code="d">1695-1769</subfield>
    <subfield code="0">o</subfield>
  </datafield>
  <datafield tag="400" ind1="1" ind2=" ">
    <subfield code="a">Diede, Carl,</subfield>
    <subfield code="c">Freiherr zum Fürstenstein,</subfield>
    <subfield code="d">1695-1769</subfield>
    <subfield code="0">o</subfield>
  </datafield>
  <datafield tag="400" ind1="1" ind2=" ">
    <subfield code="a">Diden zum Fürstenstein, Carl von,</subfield>
    <subfield code="d">1695-1769</subfield>
    <subfield code="0">o</subfield>
  </datafield>
  <datafield tag="400" ind1="1" ind2=" ">
    <subfield code="a">Diede, Carolus,</subfield>
    <subfield code="c">L. B. de Furstenstein,</subfield>
    <subfield code="d">1695-1769</subfield>
    <subfield code="0">o</subfield>
  </datafield>
  <datafield tag="400" ind1="1" ind2=" ">
    <subfield code="a">Diede, Carolus,</subfield>
    <subfield code="c">Liber Baro de Furstenstein,</subfield>
    <subfield code="d">1695-1769</subfield>
    <subfield code="0">o</subfield>
  </datafield>
  <datafield tag="400" ind1="1" ind2=" ">
    <subfield code="a">Diede zu Fürstenstein, C.,</subfield>
    <subfield code="d">1695-1769</subfield>
    <subfield code="0">o</subfield>
  </datafield>
  <datafield tag="400" ind1="1" ind2=" ">
    <subfield code="a">Diede L. B. de Furstenstein, Carolus,</subfield>
    <subfield code="d">1695-1769</subfield>
    <subfield code="0">o</subfield>
  </datafield>
  <datafield tag="400" ind1="1" ind2=" ">
    <subfield code="a">Furstenstein, Carolus Diede,</subfield>
    <subfield code="c">L. B. de,</subfield>
    <subfield code="d">1695-1769</subfield>
    <subfield code="0">o</subfield>
  </datafield>
  <datafield tag="667" ind1=" " ind2=" ">
    <subfield code="a">http://d-nb.info/gnd/1023966743.</subfield>
  </datafield>
  <datafield tag="670" ind1=" " ind2=" ">
    <subfield code="a">Die harmonische Verhältniß, wonach alle reguläre Vielecke geometrice erwiesen, und in einem Circkel beschrieben werden, als den Grund der widerrechtlich verhasseten und verruffenen arithmetischen QUADRATUR des Circkels, untersuchet und erweiset zum Vorschmack ANDREAS CLAVIUS ... Franckfurth und Leipzig, 1755. [Dedikace]: ... Herrn CARL DIEDE Frey-Herrn zum FÜRSTENSTEIN ...</subfield>
    <subfield code="b">odkaz viz</subfield>
    <subfield code="u">http://resolver.sub.uni-goettingen.de/purl?PPN615895387</subfield>
  </datafield>
  <datafield tag="670" ind1=" " ind2=" ">
    <subfield code="a">DNB, cit. 14. 10. 2020</subfield>
    <subfield code="b">autoritní forma, odkazy viz, datum narození a úmrtí, místa činnosti</subfield>
    <subfield code="u">http://d-nb.info/gnd/1023966743</subfield>
  </datafield>
  <datafield tag="678" ind1="0" ind2=" ">
    <subfield code="a">Německý komunální politik a tajný rada Brunšvicka-Lüneburska, technik a inženýr. Byl správním úředníkem v Celle a Clausthalu (zajišťoval oblast těžby aj.). V publikacích 18. století se vyskytuje také v roli dedikanta.</subfield>
  </datafield>
  <datafield tag="906" ind1=" " ind2=" ">
    <subfield code="a">za20201014</subfield>
    <subfield code="b">evbr</subfield>
  </datafield>
  <datafield tag="906" ind1=" " ind2=" ">
    <subfield code="a">ko20201014</subfield>
    <subfield code="b">evbr</subfield>
  </datafield>
</record>