

<record>
  <leader>     nz  a22     n  4500</leader>
  <controlfield tag="001">aun20201089137</controlfield>
  <controlfield tag="003">CZ PrNK</controlfield>
  <controlfield tag="005">20201014163124.0</controlfield>
  <controlfield tag="008">201014|n|aznnnaabn           n a|a      </controlfield>
  <datafield tag="040" ind1=" " ind2=" ">
    <subfield code="a">ABA001</subfield>
    <subfield code="b">cze</subfield>
    <subfield code="e">rda</subfield>
  </datafield>
  <datafield tag="100" ind1="1" ind2=" ">
    <subfield code="a">Meinhold, Wilhelm,</subfield>
    <subfield code="d">1797-1851.</subfield>
    <subfield code="t">Maria Schweidler, die Bernsteinhexe.</subfield>
    <subfield code="l">Česky</subfield>
    <subfield code="7">aun20201089137</subfield>
  </datafield>
  <datafield tag="400" ind1="1" ind2=" ">
    <subfield code="a">Meinhold, Wilhelm,</subfield>
    <subfield code="d">1797-1851.</subfield>
    <subfield code="t">Marie Schweidlerová, čarodějnice</subfield>
    <subfield code="0">o</subfield>
  </datafield>
  <datafield tag="670" ind1=" " ind2=" ">
    <subfield code="a">DNB, cit. 14. 10. 2020</subfield>
  </datafield>
  <datafield tag="670" ind1=" " ind2=" ">
    <subfield code="a">www(Wikipedia, die freie Enzyklopädie), cit. 14. 10. 2020</subfield>
  </datafield>
  <datafield tag="670" ind1=" " ind2=" ">
    <subfield code="a">Wilhelm Meinhold: Marie Schweidlerová, čarodějnice. Praha : Volná myšlenka, 1928</subfield>
  </datafield>
  <datafield tag="906" ind1=" " ind2=" ">
    <subfield code="a">br20201014</subfield>
    <subfield code="b">blau</subfield>
  </datafield>
  <datafield tag="906" ind1=" " ind2=" ">
    <subfield code="a">ks20201014</subfield>
    <subfield code="b">blau</subfield>
  </datafield>
</record>