

<record>
  <leader>     nz  a22     n  4500</leader>
  <controlfield tag="001">jo20201089147</controlfield>
  <controlfield tag="003">CZ PrNK</controlfield>
  <controlfield tag="005">20201015084545.0</controlfield>
  <controlfield tag="008">201015|n|aznnnaabn           n a|a      </controlfield>
  <datafield tag="040" ind1=" " ind2=" ">
    <subfield code="a">ABA001</subfield>
    <subfield code="b">cze</subfield>
    <subfield code="e">rda</subfield>
  </datafield>
  <datafield tag="100" ind1="0" ind2=" ">
    <subfield code="a">Meluzína</subfield>
    <subfield code="c">(mytologická postava)</subfield>
    <subfield code="7">jo20201089147</subfield>
  </datafield>
  <datafield tag="MOR" ind1="0" ind2=" ">
    <subfield code="a">Meluzína</subfield>
    <subfield code="7">ph413855</subfield>
  </datafield>
  <datafield tag="368" ind1=" " ind2=" ">
    <subfield code="c">mytologické postavy</subfield>
  </datafield>
  <datafield tag="375" ind1=" " ind2=" ">
    <subfield code="a">žena</subfield>
  </datafield>
  <datafield tag="400" ind1="0" ind2=" ">
    <subfield code="a">Mélusine</subfield>
    <subfield code="c">(mytologická postava)</subfield>
    <subfield code="0">o</subfield>
  </datafield>
  <datafield tag="670" ind1=" " ind2=" ">
    <subfield code="a">Zeldenrus, Lydia: The Mélusine romance in medieval Europe, 2020</subfield>
    <subfield code="b">odkaz viz</subfield>
  </datafield>
  <datafield tag="670" ind1=" " ind2=" ">
    <subfield code="a">www(Wikipedie, otevřená encyklopedie), cit. 15. 10. 2020</subfield>
    <subfield code="b">autoritní forma, biografické údaje</subfield>
    <subfield code="u">https://cs.wikipedia.org/wiki/Meluzína_(mytologie)</subfield>
  </datafield>
  <datafield tag="678" ind1="0" ind2=" ">
    <subfield code="a">Mytologická postava, víla, která má místo nohou hadí ocas. Zjevuje se prý na hradě Lusignanu v západní Francii. Poprvé se pod tímto jménem objevuje ve spisu Historie o Meluzíně, který roku 1393 sepsal knihař Jan z Arrasu na objednávku vévody Jana z Berry, vévodkyně Marie z Baru a jejich bratrance, moravského markraběte Jošta Lucemburského. Od těch dob se Meluzína vyskytuje v mnoha pověstech a tajemných příbězích. Často se objevuje také v heraldice jako heraldická figura.</subfield>
  </datafield>
  <datafield tag="906" ind1=" " ind2=" ">
    <subfield code="a">br20201015</subfield>
    <subfield code="b">tone</subfield>
  </datafield>
</record>