

<record>
  <leader>     cz  a22     n  4500</leader>
  <controlfield tag="001">ko20201089150</controlfield>
  <controlfield tag="003">CZ PrNK</controlfield>
  <controlfield tag="005">20201015132816.0</controlfield>
  <controlfield tag="008">201015|n|aznnnaabn          fn a|a      </controlfield>
  <datafield tag="040" ind1=" " ind2=" ">
    <subfield code="a">ABA001</subfield>
    <subfield code="b">cze</subfield>
    <subfield code="d">ABA001</subfield>
    <subfield code="e">rda</subfield>
  </datafield>
  <datafield tag="110" ind1="1" ind2=" ">
    <subfield code="a">Rakousko-Uhersko.</subfield>
    <subfield code="b">Heer.</subfield>
    <subfield code="b">Infanterieregiment, 99.</subfield>
    <subfield code="7">ko20201089150</subfield>
  </datafield>
  <datafield tag="MOR" ind1="1" ind2=" ">
    <subfield code="a">Rakousko-Uhersko.</subfield>
    <subfield code="b">Heer.</subfield>
    <subfield code="b">Pěší pluk, 99.</subfield>
    <subfield code="7">ko20201089150</subfield>
  </datafield>
  <datafield tag="368" ind1=" " ind2=" ">
    <subfield code="a">vojenské jednotky</subfield>
  </datafield>
  <datafield tag="370" ind1=" " ind2=" ">
    <subfield code="f">Rakousko-Uhersko</subfield>
  </datafield>
  <datafield tag="372" ind1=" " ind2=" ">
    <subfield code="a">pěchota</subfield>
  </datafield>
  <datafield tag="377" ind1=" " ind2=" ">
    <subfield code="a">ger</subfield>
    <subfield code="a">cze</subfield>
  </datafield>
  <datafield tag="410" ind1="1" ind2=" ">
    <subfield code="a">Rakousko-Uhersko.</subfield>
    <subfield code="b">Heer.</subfield>
    <subfield code="b">Infanterie-Regiment, 99.</subfield>
    <subfield code="0">o</subfield>
  </datafield>
  <datafield tag="410" ind1="1" ind2=" ">
    <subfield code="a">Rakousko-Uhersko.</subfield>
    <subfield code="b">Heer.</subfield>
    <subfield code="b">Infanterieregiment Nr. 99</subfield>
    <subfield code="0">o</subfield>
  </datafield>
  <datafield tag="410" ind1="1" ind2=" ">
    <subfield code="a">Rakousko-Uhersko.</subfield>
    <subfield code="b">Heer.</subfield>
    <subfield code="b">Pěší pluk, 99.</subfield>
    <subfield code="2">czecze</subfield>
    <subfield code="0">o</subfield>
  </datafield>
  <datafield tag="410" ind1="1" ind2=" ">
    <subfield code="a">Rakousko-Uhersko.</subfield>
    <subfield code="b">Heer.</subfield>
    <subfield code="b">99. pěší pluk</subfield>
    <subfield code="2">czecze</subfield>
    <subfield code="0">o</subfield>
  </datafield>
  <datafield tag="410" ind1="2" ind2=" ">
    <subfield code="a">Infanterieregiment Nr. 99 (Rakousko-Uhersko)</subfield>
    <subfield code="0">o</subfield>
  </datafield>
  <datafield tag="410" ind1="2" ind2=" ">
    <subfield code="a">99. pěší pluk (Rakousko-Uhersko)</subfield>
    <subfield code="2">czecze</subfield>
    <subfield code="0">o</subfield>
  </datafield>
  <datafield tag="410" ind1="2" ind2=" ">
    <subfield code="a">K.u.k. Infanterieregiment Nr. 99</subfield>
    <subfield code="0">o</subfield>
  </datafield>
  <datafield tag="410" ind1="2" ind2=" ">
    <subfield code="a">C. a k. pěší pluk č. 99</subfield>
    <subfield code="2">czecze</subfield>
    <subfield code="0">o</subfield>
  </datafield>
  <datafield tag="670" ind1=" " ind2=" ">
    <subfield code="a">Beránek, Petr: Dešovští sousedé : padlí a legionáři z první světové války</subfield>
  </datafield>
  <datafield tag="670" ind1=" " ind2=" ">
    <subfield code="a">www(Válka.cz - Pěší pluk č. 99 [1883-1918]), cit. 15. 10. 2020</subfield>
    <subfield code="u">https://www.valka.cz/Pesi-pluk-c-99-1883-1918-t47365</subfield>
    <subfield code="b">autoritní forma</subfield>
  </datafield>
  <datafield tag="675" ind1=" " ind2=" ">
    <subfield code="a">LC (Names), cit. 15. 10. 2020</subfield>
  </datafield>
  <datafield tag="906" ind1=" " ind2=" ">
    <subfield code="a">za20201015</subfield>
    <subfield code="b">mikr</subfield>
  </datafield>
  <datafield tag="906" ind1=" " ind2=" ">
    <subfield code="a">oz20201015</subfield>
    <subfield code="b">svsv</subfield>
    <subfield code="c">Záhlaví - oprava; Viz - nově; URL - nově; Zdroj - další výskyt; Negativní zdroj - nově; Další info - nově; Související místo - nově; Oblast působení - nově; Jazyk - nově</subfield>
  </datafield>
</record>