

<record>
  <leader>     nz  a22     n  4500</leader>
  <controlfield tag="001">xx0252778</controlfield>
  <controlfield tag="003">CZ PrNK</controlfield>
  <controlfield tag="005">20201016071930.0</controlfield>
  <controlfield tag="008">201015|n|aznnnaabn           n a|a      </controlfield>
  <datafield tag="040" ind1=" " ind2=" ">
    <subfield code="a">ABA008</subfield>
    <subfield code="b">cze</subfield>
    <subfield code="d">ABA001</subfield>
    <subfield code="e">rda</subfield>
  </datafield>
  <datafield tag="046" ind1=" " ind2=" ">
    <subfield code="f">1980</subfield>
  </datafield>
  <datafield tag="100" ind1="1" ind2=" ">
    <subfield code="a">Suchánek, Zbyněk,</subfield>
    <subfield code="d">1980-</subfield>
    <subfield code="7">xx0252778</subfield>
  </datafield>
  <datafield tag="368" ind1=" " ind2=" ">
    <subfield code="d">Ing.</subfield>
    <subfield code="s">2011</subfield>
  </datafield>
  <datafield tag="368" ind1=" " ind2=" ">
    <subfield code="d">Bc.</subfield>
    <subfield code="s">2003</subfield>
  </datafield>
  <datafield tag="368" ind1=" " ind2=" ">
    <subfield code="d">Mjr.</subfield>
  </datafield>
  <datafield tag="370" ind1=" " ind2=" ">
    <subfield code="c">Česko</subfield>
  </datafield>
  <datafield tag="372" ind1=" " ind2=" ">
    <subfield code="a">civilní ochrana</subfield>
    <subfield code="a">ozbrojené síly</subfield>
    <subfield code="a">požární ochrana</subfield>
    <subfield code="a">bezpečnost práce</subfield>
    <subfield code="a">zbraně</subfield>
    <subfield code="a">vojenská munice</subfield>
    <subfield code="a">vojenská výzbroj</subfield>
  </datafield>
  <datafield tag="375" ind1=" " ind2=" ">
    <subfield code="a">muž</subfield>
  </datafield>
  <datafield tag="377" ind1=" " ind2=" ">
    <subfield code="a">cze</subfield>
  </datafield>
  <datafield tag="670" ind1=" " ind2=" ">
    <subfield code="a">Suchánek, Zbyněk: Field training of students at the Faculty of Military Health Sciences, University of Defence. Vojenské zdravotnické listy, 2017, roč. 86, č. 1, s. 3-10.</subfield>
    <subfield code="b">autoritní forma, pracoviště</subfield>
  </datafield>
  <datafield tag="670" ind1=" " ind2=" ">
    <subfield code="a">www(Fakulta vojenského zdravotnictví - Univerzita obrany v Brně), cit. 15. 10. 2020</subfield>
    <subfield code="b">hodnost mjr., titul Ing., Bc.</subfield>
  </datafield>
  <datafield tag="670" ind1=" " ind2=" ">
    <subfield code="a">www(Institut ochrany obyvatelstva), cit. 15. 10. 2020</subfield>
    <subfield code="b">rok narození, rok získání Ing., Bc., specializace</subfield>
  </datafield>
  <datafield tag="678" ind1="0" ind2=" ">
    <subfield code="a">Narozen 1980. Mjr. Ing. Bc., odborník v oblasti ochrany vojsk a obyvatelstva, též odborník na požární ochranu a bezpečnost průmyslu, zbraně, munici, řízení a používání výzbroje (Katedra organizace vojenského zdravotnictví a managementu, Fakulta vojenského zdravotnictví, Univerzita obrany, Brno).</subfield>
  </datafield>
  <datafield tag="906" ind1=" " ind2=" ">
    <subfield code="a">za20201015</subfield>
    <subfield code="b">xdapi</subfield>
  </datafield>
  <datafield tag="906" ind1=" " ind2=" ">
    <subfield code="a">fr20201016</subfield>
    <subfield code="b">lisi</subfield>
  </datafield>
</record>