

<record>
  <leader>     nz  a22     n  4500</leader>
  <datafield tag="900" ind1=" " ind2=" ">
    <subfield code="a">J-NÁVRH-STT</subfield>
  </datafield>
  <controlfield tag="001">ntk20201089177</controlfield>
  <controlfield tag="003">CZ PrNK</controlfield>
  <controlfield tag="005">20201015134212.0</controlfield>
  <controlfield tag="008">201015|n|aznnnaabn           n a|a      </controlfield>
  <datafield tag="024" ind1="7" ind2=" ">
    <subfield code="a">Q55891052</subfield>
    <subfield code="2">wikidata</subfield>
  </datafield>
  <datafield tag="040" ind1=" " ind2=" ">
    <subfield code="a">ABA013</subfield>
    <subfield code="b">cze</subfield>
    <subfield code="e">rda</subfield>
  </datafield>
  <datafield tag="046" ind1=" " ind2=" ">
    <subfield code="f">1708</subfield>
    <subfield code="g">1766</subfield>
  </datafield>
  <datafield tag="100" ind1="1" ind2=" ">
    <subfield code="a">Schwicheldt, August Wilhelm von,</subfield>
    <subfield code="d">1708-1766</subfield>
    <subfield code="7">ntk20201089177</subfield>
  </datafield>
  <datafield tag="368" ind1=" " ind2=" ">
    <subfield code="d">Graf</subfield>
    <subfield code="d">Freiherr</subfield>
  </datafield>
  <datafield tag="370" ind1=" " ind2=" ">
    <subfield code="a">Ostlutter, Lutter am Barenberge, Německo</subfield>
    <subfield code="b">Flachstöckheim, Salzgitter, Německo</subfield>
    <subfield code="c">Německo</subfield>
    <subfield code="f">Hannover, Německo</subfield>
    <subfield code="f">Flachstöckheim, Salzgitter, Německo</subfield>
  </datafield>
  <datafield tag="372" ind1=" " ind2=" ">
    <subfield code="a">politika</subfield>
    <subfield code="a">státní správa</subfield>
  </datafield>
  <datafield tag="374" ind1=" " ind2=" ">
    <subfield code="a">politici</subfield>
    <subfield code="a">ministři</subfield>
    <subfield code="a">poradci</subfield>
    <subfield code="a">šlechtici</subfield>
  </datafield>
  <datafield tag="375" ind1=" " ind2=" ">
    <subfield code="a">muž</subfield>
  </datafield>
  <datafield tag="377" ind1=" " ind2=" ">
    <subfield code="a">ger</subfield>
    <subfield code="a">lat</subfield>
  </datafield>
  <datafield tag="400" ind1="1" ind2=" ">
    <subfield code="a">Schwichelt, August Wilhelm von,</subfield>
    <subfield code="d">1708-1766</subfield>
    <subfield code="0">o</subfield>
  </datafield>
  <datafield tag="400" ind1="1" ind2=" ">
    <subfield code="a">Schwicheld, Augustus Wilh. de,</subfield>
    <subfield code="d">1708-1766</subfield>
    <subfield code="0">o</subfield>
  </datafield>
  <datafield tag="400" ind1="1" ind2=" ">
    <subfield code="a">Schwicheld, Augustus Wilhelmus de,</subfield>
    <subfield code="d">1708-1766</subfield>
    <subfield code="0">o</subfield>
  </datafield>
  <datafield tag="400" ind1="1" ind2=" ">
    <subfield code="a">Schwicheldt, Augustus Guilielmus de,</subfield>
    <subfield code="d">1708-1766</subfield>
    <subfield code="0">o</subfield>
  </datafield>
  <datafield tag="400" ind1="1" ind2=" ">
    <subfield code="a">S., A. W. v.,</subfield>
    <subfield code="d">1708-1766</subfield>
    <subfield code="0">o</subfield>
  </datafield>
  <datafield tag="400" ind1="1" ind2=" ">
    <subfield code="a">Schwichelt, Augustus Wilhelmus,</subfield>
    <subfield code="c">L. B. de,</subfield>
    <subfield code="d">1708-1766</subfield>
    <subfield code="0">o</subfield>
  </datafield>
  <datafield tag="400" ind1="1" ind2=" ">
    <subfield code="a">Schwichelt, Augustus Wilhelmus,</subfield>
    <subfield code="c">Liber Baro de,</subfield>
    <subfield code="d">1708-1766</subfield>
    <subfield code="0">o</subfield>
  </datafield>
  <datafield tag="667" ind1=" " ind2=" ">
    <subfield code="a">http://d-nb.info/gnd/117430536.</subfield>
  </datafield>
  <datafield tag="670" ind1=" " ind2=" ">
    <subfield code="a">Die harmonische Verhältniß, wonach alle reguläre Vielecke geometrice erwiesen, und in einem Circkel beschrieben werden, als den Grund der widerrechtlich verhasseten und verruffenen arithmetischen QUADRATUR des Circkels, untersuchet und erweiset zum Vorschmack ANDREAS CLAVIUS ... Franckfurth und Leipzig, 1755. [Dedikace]: ... Herrn AUGUST WILHELM Frey-Herrn von SCHWICHELT ...</subfield>
    <subfield code="b">autoritní forma</subfield>
    <subfield code="u">http://resolver.sub.uni-goettingen.de/purl?PPN615895387</subfield>
  </datafield>
  <datafield tag="670" ind1=" " ind2=" ">
    <subfield code="a">DNB, cit. 15. 10. 2020</subfield>
    <subfield code="b">autoritní forma, odkazy viz, datum narození a úmrtí, místa činnosti</subfield>
    <subfield code="u">http://d-nb.info/gnd/117430536</subfield>
  </datafield>
  <datafield tag="670" ind1=" " ind2=" ">
    <subfield code="a">www(Geni.com, August Wilhelm von Schwicheldt), cit. 15. 10. 2020</subfield>
    <subfield code="b">místo narození a úmrtí</subfield>
    <subfield code="u">https://www.geni.com/people/August-Wilhelm-von-Schwicheldt/6000000057281353050</subfield>
  </datafield>
  <datafield tag="678" ind1="0" ind2=" ">
    <subfield code="a">Německý politik a hannoverský státník, příslušník hannoverské šlechtické rodiny Schwicheldtů. Byl poradcem anglického krále Jiřího II., ministrem vlády v Hannoveru a členem Válečné rady. V publikacích 18. století se vyskytuje také v roli dedikanta.</subfield>
  </datafield>
  <datafield tag="906" ind1=" " ind2=" ">
    <subfield code="a">za20201015</subfield>
    <subfield code="b">evbr</subfield>
  </datafield>
  <datafield tag="906" ind1=" " ind2=" ">
    <subfield code="a">ko20201015</subfield>
    <subfield code="b">evbr</subfield>
  </datafield>
</record>