

<record>
  <leader>     nz  a22     n  4500</leader>
  <controlfield tag="001">kon20201089179</controlfield>
  <controlfield tag="003">CZ PrNK</controlfield>
  <controlfield tag="005">20201015101459.0</controlfield>
  <controlfield tag="008">201015|n|aznnnaabn           n a|a      </controlfield>
  <datafield tag="040" ind1=" " ind2=" ">
    <subfield code="a">ABA001</subfield>
    <subfield code="b">cze</subfield>
    <subfield code="e">rda</subfield>
  </datafield>
  <datafield tag="110" ind1="2" ind2=" ">
    <subfield code="a">Tělocvičná jednota Sokol Menší Město pražské.</subfield>
    <subfield code="b">Sbor cvičitelský.</subfield>
    <subfield code="t">Výroční zpráva (Tělocvičná jednota Sokol Menší Město pražské. Sbor cvičitelský)</subfield>
    <subfield code="7">kon20201089179</subfield>
  </datafield>
  <datafield tag="410" ind1="2" ind2=" ">
    <subfield code="a">Tělocvičná jednota Sokol Menší Město pražské.</subfield>
    <subfield code="b">Sbor cvičitelský.</subfield>
    <subfield code="t">Zpráva sboru cvičitelského Tělocvičné jednoty "Sokol" na Menším Městě pražském</subfield>
    <subfield code="0">o</subfield>
  </datafield>
  <datafield tag="670" ind1=" " ind2=" ">
    <subfield code="a">Zpráva sboru cvičitelského za rok 1914 Tělocvičné jednoty "Sokol" na Menším Městě pražském. Praha : vydána péčí a nákladem Sboru cvičitelského, [1915]</subfield>
  </datafield>
  <datafield tag="906" ind1=" " ind2=" ">
    <subfield code="a">br20201015</subfield>
    <subfield code="b">juri</subfield>
  </datafield>
  <datafield tag="906" ind1=" " ind2=" ">
    <subfield code="a">ks20201015</subfield>
    <subfield code="b">juri</subfield>
  </datafield>
</record>