

<record>
  <leader>     nz  a22     n  4500</leader>
  <controlfield tag="001">jo20201089190</controlfield>
  <controlfield tag="003">CZ PrNK</controlfield>
  <controlfield tag="005">20201015104136.0</controlfield>
  <controlfield tag="008">201015|n|aznnnaabn           n a|a      </controlfield>
  <datafield tag="040" ind1=" " ind2=" ">
    <subfield code="a">ABA001</subfield>
    <subfield code="b">cze</subfield>
    <subfield code="e">rda</subfield>
  </datafield>
  <datafield tag="100" ind1="1" ind2=" ">
    <subfield code="a">Černovský, Jiří</subfield>
    <subfield code="7">jo20201089190</subfield>
  </datafield>
  <datafield tag="368" ind1=" " ind2=" ">
    <subfield code="d">Mgr.</subfield>
    <subfield code="d">Mjr.</subfield>
  </datafield>
  <datafield tag="370" ind1=" " ind2=" ">
    <subfield code="c">Česko</subfield>
    <subfield code="f">Benešov, Česko</subfield>
  </datafield>
  <datafield tag="372" ind1=" " ind2=" ">
    <subfield code="a">regionální dějiny</subfield>
    <subfield code="a">požární ochrana</subfield>
    <subfield code="a">hasičské sbory</subfield>
  </datafield>
  <datafield tag="374" ind1=" " ind2=" ">
    <subfield code="a">hasiči</subfield>
  </datafield>
  <datafield tag="375" ind1=" " ind2=" ">
    <subfield code="a">muž</subfield>
  </datafield>
  <datafield tag="377" ind1=" " ind2=" ">
    <subfield code="a">cze</subfield>
  </datafield>
  <datafield tag="670" ind1=" " ind2=" ">
    <subfield code="a">Vratislavský, David - Černovský, Jiří - Sokol, Jiří: 50 let profesionálních hasičů v Benešově a Vlašimi: 1970-2020. [Benešov]: Hasičský záchranný sbor Středočeského kraje, územní odbor Benešov, 2020</subfield>
    <subfield code="b">autoritní forma, biografické údaje, pole 368, 370</subfield>
  </datafield>
  <datafield tag="670" ind1=" " ind2=" ">
    <subfield code="a">www(Benešovský deník), cit. 15. 10. 2020</subfield>
    <subfield code="b">biografické údaje</subfield>
  </datafield>
  <datafield tag="678" ind1="0" ind2=" ">
    <subfield code="a">Mgr., major Hasičského záchranného sboru, velitel stanice v Benešově, spoluautor publikace z oblasti dějin hasičského sboru a požární ochrany.</subfield>
  </datafield>
  <datafield tag="906" ind1=" " ind2=" ">
    <subfield code="a">br20201015</subfield>
    <subfield code="b">lisi</subfield>
  </datafield>
</record>