

<record>
  <leader>     nz  a22     n  4500</leader>
  <controlfield tag="001">kon20201089200</controlfield>
  <controlfield tag="003">CZ PrNK</controlfield>
  <controlfield tag="005">20201015120420.0</controlfield>
  <controlfield tag="008">201015|n|aznnnaabn           n a|a      </controlfield>
  <datafield tag="040" ind1=" " ind2=" ">
    <subfield code="a">ABA001</subfield>
    <subfield code="b">cze</subfield>
    <subfield code="e">rda</subfield>
  </datafield>
  <datafield tag="110" ind1="2" ind2=" ">
    <subfield code="a">Tělocvičná jednota Sokol Menší Město pražské.</subfield>
    <subfield code="b">Dámský tělocvičný odbor.</subfield>
    <subfield code="t">Výroční zpráva (Tělocvičná jednota Sokol Menší Město pražské. Dámský tělocvičný odbor)</subfield>
    <subfield code="7">kon20201089200</subfield>
  </datafield>
  <datafield tag="410" ind1="2" ind2=" ">
    <subfield code="a">Tělocvičná jednota Sokol Menší Město pražské.</subfield>
    <subfield code="b">Dámský tělocvičný odbor.</subfield>
    <subfield code="t">Výroční zpráva Ženského odboru Sokola na Menším Městě pražském</subfield>
    <subfield code="0">o</subfield>
  </datafield>
  <datafield tag="410" ind1="2" ind2=" ">
    <subfield code="a">Tělocvičná jednota Sokol Menší Město pražské.</subfield>
    <subfield code="b">Dámský tělocvičný odbor.</subfield>
    <subfield code="t">Výroční zpráva Ženského odboru Tělocvičné jednoty Sokol na Menším Městě pražském</subfield>
    <subfield code="0">o</subfield>
  </datafield>
  <datafield tag="410" ind1="2" ind2=" ">
    <subfield code="a">Tělocvičná jednota Sokol Menší Město pražské.</subfield>
    <subfield code="b">Dámský tělocvičný odbor.</subfield>
    <subfield code="t">Jednatelská zpráva - Ženský odbor</subfield>
    <subfield code="0">o</subfield>
  </datafield>
  <datafield tag="410" ind1="2" ind2=" ">
    <subfield code="a">Tělocvičná jednota Sokol Menší Město pražské.</subfield>
    <subfield code="b">Dámský tělocvičný odbor.</subfield>
    <subfield code="t">Zpráva o činnosti Dámského odboru</subfield>
    <subfield code="0">o</subfield>
  </datafield>
  <datafield tag="410" ind1="2" ind2=" ">
    <subfield code="a">Tělocvičná jednota Sokol Menší Město pražské.</subfield>
    <subfield code="b">Dámský tělocvičný odbor.</subfield>
    <subfield code="t">Ženský odbor - jednatelská zpráva</subfield>
    <subfield code="0">o</subfield>
  </datafield>
  <datafield tag="670" ind1=" " ind2=" ">
    <subfield code="a">In: Výroční zpráva tělocvičné jednoty "Sokol" v Praze na Malé Straně. V Praze : nákladem Tělocvičné jednoty "Sokol" v Praze na Malé Straně, 1889-[1951]</subfield>
  </datafield>
  <datafield tag="670" ind1=" " ind2=" ">
    <subfield code="a">Výroční zpráva Ženského odboru "Sokola" na Menším Městě Pražském. [Praha] : [nakladatel není známý], [1902?-1909]</subfield>
  </datafield>
  <datafield tag="906" ind1=" " ind2=" ">
    <subfield code="a">br20201015</subfield>
    <subfield code="b">juri</subfield>
  </datafield>
  <datafield tag="906" ind1=" " ind2=" ">
    <subfield code="a">ks20201015</subfield>
    <subfield code="b">juri</subfield>
  </datafield>
</record>