

<record>
  <leader>     nz  a22     n  4500</leader>
  <controlfield tag="001">kon20201089201</controlfield>
  <controlfield tag="003">CZ PrNK</controlfield>
  <controlfield tag="005">20201015105937.0</controlfield>
  <controlfield tag="008">201015|n|aznnnaabn           n a|a      </controlfield>
  <datafield tag="040" ind1=" " ind2=" ">
    <subfield code="a">ABA001</subfield>
    <subfield code="b">cze</subfield>
    <subfield code="e">rda</subfield>
  </datafield>
  <datafield tag="110" ind1="2" ind2=" ">
    <subfield code="a">Družstvo pro zřízení tělocvičny Sokolu v Praze na Malé Straně.</subfield>
    <subfield code="t">Výroční zpráva (Družstvo pro zřízení tělocvičny Sokolu v Praze na Malé Straně)</subfield>
    <subfield code="7">kon20201089201</subfield>
  </datafield>
  <datafield tag="410" ind1="2" ind2=" ">
    <subfield code="a">Družstvo pro zřízení tělocvičny Sokolu v Praze na Malé Straně.</subfield>
    <subfield code="t">Jednatelská zpráva Družstva pro zřízení tělocvičny Sokolu v Praze na Malé Straně</subfield>
    <subfield code="0">o</subfield>
  </datafield>
  <datafield tag="670" ind1=" " ind2=" ">
    <subfield code="a">In: Výroční zpráva tělocvičné jednoty "Sokol" v Praze na Malé Straně. V Praze : nákladem Tělocvičné jednoty "Sokol" v Praze na Malé Straně, 1889-[1951]</subfield>
  </datafield>
  <datafield tag="906" ind1=" " ind2=" ">
    <subfield code="a">br20201015</subfield>
    <subfield code="b">juri</subfield>
  </datafield>
  <datafield tag="906" ind1=" " ind2=" ">
    <subfield code="a">ks20201015</subfield>
    <subfield code="b">juri</subfield>
  </datafield>
</record>