

<record>
  <leader>     nz  a22     n  4500</leader>
  <datafield tag="900" ind1=" " ind2=" ">
    <subfield code="a">*J-NÁVRH</subfield>
  </datafield>
  <controlfield tag="001">av20201089212</controlfield>
  <controlfield tag="003">CZ PrNK</controlfield>
  <controlfield tag="005">20201015110949.0</controlfield>
  <controlfield tag="008">201015|n|aznnnaabn           n a|a      </controlfield>
  <datafield tag="040" ind1=" " ind2=" ">
    <subfield code="a">ABB060</subfield>
    <subfield code="b">cze</subfield>
    <subfield code="e">rda</subfield>
  </datafield>
  <datafield tag="046" ind1=" " ind2=" ">
    <subfield code="f">1949</subfield>
  </datafield>
  <datafield tag="100" ind1="1" ind2=" ">
    <subfield code="a">Kubíček, Tomáš,</subfield>
    <subfield code="d">1949-</subfield>
    <subfield code="7">av20201089212</subfield>
  </datafield>
  <datafield tag="370" ind1=" " ind2=" ">
    <subfield code="a">Nymburk, Česko</subfield>
    <subfield code="c">Česko</subfield>
    <subfield code="f">Trutnov, Česko</subfield>
  </datafield>
  <datafield tag="372" ind1=" " ind2=" ">
    <subfield code="a">literární společnosti</subfield>
    <subfield code="a">elektrotechnika</subfield>
    <subfield code="a">podnikání</subfield>
  </datafield>
  <datafield tag="373" ind1=" " ind2=" ">
    <subfield code="a">Společnost bratří Čapků</subfield>
  </datafield>
  <datafield tag="374" ind1=" " ind2=" ">
    <subfield code="a">elektrotechnici</subfield>
    <subfield code="a">podnikatelé</subfield>
  </datafield>
  <datafield tag="375" ind1=" " ind2=" ">
    <subfield code="a">muž</subfield>
  </datafield>
  <datafield tag="377" ind1=" " ind2=" ">
    <subfield code="a">cze</subfield>
  </datafield>
  <datafield tag="667" ind1=" " ind2=" ">
    <subfield code="a">Nazaměňovat s Tomášek Kubíčkem (1966-), ředitelem Moravské zemské knihovny.</subfield>
  </datafield>
  <datafield tag="670" ind1=" " ind2=" ">
    <subfield code="a">Kubíček, Tomáš: Proslov v Karlových Varech. In: Zprávy Společnosti bratří Čapků. R. 2019, č. 133, červen, s. 2</subfield>
    <subfield code="b">autoritní forma</subfield>
  </datafield>
  <datafield tag="670" ind1=" " ind2=" ">
    <subfield code="a">osobní sdělení, cit. 15.10. 2020</subfield>
    <subfield code="b">rok narození, biografické údaje, charakteristika činnosti</subfield>
  </datafield>
  <datafield tag="678" ind1="0" ind2=" ">
    <subfield code="a">Narozen v roce 1949 v Nymburce. Předseda Klubu bratří Čapků v Trutnově. Též elektrotechnik, po roce 1990 podnikatel.</subfield>
  </datafield>
  <datafield tag="906" ind1=" " ind2=" ">
    <subfield code="a">za20201015</subfield>
    <subfield code="b">uclph</subfield>
  </datafield>
</record>

<record>
  <leader>     nz  a22     n  4500</leader>
  <controlfield tag="001">ch1089213</controlfield>
  <controlfield tag="003">CZ PrNK</controlfield>
  <controlfield tag="005">20201015111307.0</controlfield>
  <controlfield tag="008">080612|n|anznnbabn           n a|a      </controlfield>
  <datafield tag="040" ind1=" " ind2=" ">
    <subfield code="a">ABA001</subfield>
    <subfield code="b">cze</subfield>
  </datafield>
  <datafield tag="045" ind1=" " ind2=" ">
    <subfield code="a">--v-</subfield>
  </datafield>
  <datafield tag="148" ind1=" " ind2=" ">
    <subfield code="a">do 18. století</subfield>
    <subfield code="7">ch1089213</subfield>
  </datafield>
  <datafield tag="448" ind1=" " ind2=" ">
    <subfield code="a">poč.-18. století</subfield>
    <subfield code="0">o</subfield>
  </datafield>
  <datafield tag="906" ind1=" " ind2=" ">
    <subfield code="a">wp20201015</subfield>
    <subfield code="b">jave</subfield>
  </datafield>
</record>