

<record>
  <leader>     nz  a22     n  4500</leader>
  <datafield tag="900" ind1=" " ind2=" ">
    <subfield code="a">J-NÁVRH-STT</subfield>
  </datafield>
  <controlfield tag="001">ntk20201089229</controlfield>
  <controlfield tag="003">CZ PrNK</controlfield>
  <controlfield tag="005">20201015135927.0</controlfield>
  <controlfield tag="008">201015|n|aznnnaabn           n a|a      </controlfield>
  <datafield tag="024" ind1="7" ind2=" ">
    <subfield code="a">0000000012722239</subfield>
    <subfield code="2">isni</subfield>
  </datafield>
  <datafield tag="024" ind1="7" ind2=" ">
    <subfield code="a">Q1572927</subfield>
    <subfield code="2">wikidata</subfield>
  </datafield>
  <datafield tag="040" ind1=" " ind2=" ">
    <subfield code="a">ABA013</subfield>
    <subfield code="b">cze</subfield>
    <subfield code="e">rda</subfield>
  </datafield>
  <datafield tag="046" ind1=" " ind2=" ">
    <subfield code="f">1714</subfield>
    <subfield code="g">1771</subfield>
  </datafield>
  <datafield tag="100" ind1="1" ind2=" ">
    <subfield code="a">Behr, Burchard Christian von,</subfield>
    <subfield code="d">1714-1771</subfield>
    <subfield code="7">ntk20201089229</subfield>
  </datafield>
  <datafield tag="368" ind1=" " ind2=" ">
    <subfield code="d">Dr. jur.</subfield>
    <subfield code="s">1738</subfield>
  </datafield>
  <datafield tag="368" ind1=" " ind2=" ">
    <subfield code="d">Freiherr</subfield>
  </datafield>
  <datafield tag="370" ind1=" " ind2=" ">
    <subfield code="a">Stellichte, Walsrode, Německo</subfield>
    <subfield code="b">Göttingen, Německo</subfield>
    <subfield code="c">Německo</subfield>
    <subfield code="f">Hannover, Německo</subfield>
    <subfield code="f">Celle, Německo</subfield>
    <subfield code="f">Göttingen, Německo</subfield>
    <subfield code="f">Londýn, Anglie</subfield>
    <subfield code="f">Göttingen, Německo</subfield>
  </datafield>
  <datafield tag="372" ind1=" " ind2=" ">
    <subfield code="a">právo</subfield>
    <subfield code="a">soudnictví</subfield>
    <subfield code="a">politika</subfield>
    <subfield code="a">státní správa</subfield>
  </datafield>
  <datafield tag="373" ind1=" " ind2=" ">
    <subfield code="a">Universität Göttingen</subfield>
  </datafield>
  <datafield tag="373" ind1=" " ind2=" ">
    <subfield code="a">Deutsche Gesellschaft in Göttingen</subfield>
    <subfield code="s">1739</subfield>
    <subfield code="t">1771</subfield>
  </datafield>
  <datafield tag="374" ind1=" " ind2=" ">
    <subfield code="a">právníci</subfield>
    <subfield code="a">soudci</subfield>
    <subfield code="a">politici</subfield>
    <subfield code="a">ministři</subfield>
    <subfield code="a">šlechtici</subfield>
  </datafield>
  <datafield tag="375" ind1=" " ind2=" ">
    <subfield code="a">muž</subfield>
  </datafield>
  <datafield tag="377" ind1=" " ind2=" ">
    <subfield code="a">ger</subfield>
    <subfield code="a">lat</subfield>
  </datafield>
  <datafield tag="400" ind1="1" ind2=" ">
    <subfield code="a">Behr, Burghard Christian von,</subfield>
    <subfield code="d">1714-1771</subfield>
    <subfield code="0">o</subfield>
  </datafield>
  <datafield tag="400" ind1="1" ind2=" ">
    <subfield code="a">Behr, Burchhard Christian von,</subfield>
    <subfield code="d">1714-1771</subfield>
    <subfield code="0">o</subfield>
  </datafield>
  <datafield tag="400" ind1="1" ind2=" ">
    <subfield code="a">Behr, Burchhardus Christianus de,</subfield>
    <subfield code="d">1714-1771</subfield>
    <subfield code="0">o</subfield>
  </datafield>
  <datafield tag="400" ind1="1" ind2=" ">
    <subfield code="a">Behr, Burchh. Christianus de,</subfield>
    <subfield code="d">1714-1771</subfield>
    <subfield code="0">o</subfield>
  </datafield>
  <datafield tag="400" ind1="1" ind2=" ">
    <subfield code="a">Behr, Burchard Christoph von,</subfield>
    <subfield code="d">1714-177</subfield>
    <subfield code="0">o</subfield>
  </datafield>
  <datafield tag="667" ind1=" " ind2=" ">
    <subfield code="a">http://d-nb.info/gnd/1034668544.</subfield>
  </datafield>
  <datafield tag="667" ind1=" " ind2=" ">
    <subfield code="a">DBN vede omylem ještě jeden autoritní záznam na popisovanou osobu (http://d-nb.info/gnd/121893065), ve kterém jsou mírně odlišná životní data "1714-1772". Životní data, uvedená v záznamu AUT jsou také v souladu s údaji německé Wikipedie a Wikidat.</subfield>
  </datafield>
  <datafield tag="670" ind1=" " ind2=" ">
    <subfield code="a">Die harmonische Verhältniß, wonach alle reguläre Vielecke geometrice erwiesen, und in einem Circkel beschrieben werden, als den Grund der widerrechtlich verhasseten und verruffenen arithmetischen QUADRATUR des Circkels, untersuchet und erweiset zum Vorschmack ANDREAS CLAVIUS ... Franckfurth und Leipzig, 1755. [Dedikace]: ... Herrn BURCHARD CHRISTOPH Frey-Herrn von BEHR ...</subfield>
    <subfield code="b">odkaz viz</subfield>
    <subfield code="u">http://resolver.sub.uni-goettingen.de/purl?PPN615895387</subfield>
  </datafield>
  <datafield tag="670" ind1=" " ind2=" ">
    <subfield code="a">DNB, cit. 15. 10. 2020</subfield>
    <subfield code="b">autoritní forma, odkazy viz, datum narození a úmrtí</subfield>
    <subfield code="u">http://d-nb.info/gnd/1034668544</subfield>
  </datafield>
  <datafield tag="670" ind1=" " ind2=" ">
    <subfield code="a">www(Wikipedia, die freie Enzyklopädie), cit. 15. 10. 2020</subfield>
    <subfield code="b">místo narození a úmrtí, biografické a profesní údaje</subfield>
    <subfield code="u">https://de.wikipedia.org/wiki/Burchard_Christian_von_Behr</subfield>
  </datafield>
  <datafield tag="678" ind1="0" ind2=" ">
    <subfield code="a">Německý právník a soudce, politik, příslušník lüneburské šlechtické rodiny von Behr (narozen 17. 7. 1714, zemřel 26. 12. 1771). Vystudoval práva na univerzitách v Giessenu a Göttingen (Dr. jur., 1738). Působil jako vyšší odvolací soudce u hanoverského odvolacího soudu v Celle, v r. 1745 byl jmenován Říšským dvorním radou. V r. 1755 se stal ministrem vlády v Hannoveru a od roku 1762 ministrem německého kancléřství v Londýně. V publikacích 18. století se vyskytuje také v roli dedikanta.</subfield>
  </datafield>
  <datafield tag="906" ind1=" " ind2=" ">
    <subfield code="a">za20201015</subfield>
    <subfield code="b">evbr</subfield>
  </datafield>
  <datafield tag="906" ind1=" " ind2=" ">
    <subfield code="a">ko20201015</subfield>
    <subfield code="b">evbr</subfield>
  </datafield>
</record>