

<record>
  <leader>     nz  a22     n  4500</leader>
  <controlfield tag="001">pna20201089234</controlfield>
  <controlfield tag="003">CZ PrNK</controlfield>
  <controlfield tag="005">20201016084527.0</controlfield>
  <controlfield tag="008">201015|n|aznnnaabn           n a|a      </controlfield>
  <datafield tag="040" ind1=" " ind2=" ">
    <subfield code="a">PNA001</subfield>
    <subfield code="b">cze</subfield>
    <subfield code="d">ABA001</subfield>
    <subfield code="e">rda</subfield>
  </datafield>
  <datafield tag="100" ind1="1" ind2=" ">
    <subfield code="a">Wightman, Andrew</subfield>
    <subfield code="7">pna20201089234</subfield>
  </datafield>
  <datafield tag="372" ind1=" " ind2=" ">
    <subfield code="a">ilustrace</subfield>
    <subfield code="a">knižní ilustrace</subfield>
  </datafield>
  <datafield tag="374" ind1=" " ind2=" ">
    <subfield code="a">ilustrátoři</subfield>
  </datafield>
  <datafield tag="375" ind1=" " ind2=" ">
    <subfield code="a">muž</subfield>
  </datafield>
  <datafield tag="377" ind1=" " ind2=" ">
    <subfield code="a">eng</subfield>
  </datafield>
  <datafield tag="667" ind1=" " ind2=" ">
    <subfield code="a">LC (Names) uvádí v záhlaví z důvodu odlišení autorů stejného jména jako doplněk povolání autora "Illustrator".</subfield>
  </datafield>
  <datafield tag="670" ind1=" " ind2=" ">
    <subfield code="a">Temple, Rob: Very British problems (illustrations by Andrew Wightman), 2018</subfield>
  </datafield>
  <datafield tag="670" ind1=" " ind2=" ">
    <subfield code="a">LC (Names), cit. 15. 10. 2020</subfield>
    <subfield code="b">autoritní forma, profesní údaje, pole 375</subfield>
  </datafield>
  <datafield tag="678" ind1="0" ind2=" ">
    <subfield code="a">Ilustrátor.</subfield>
  </datafield>
  <datafield tag="906" ind1=" " ind2=" ">
    <subfield code="a">za20201015</subfield>
    <subfield code="b">kali</subfield>
  </datafield>
  <datafield tag="906" ind1=" " ind2=" ">
    <subfield code="a">vr20201016</subfield>
    <subfield code="b">lisi</subfield>
  </datafield>
</record>