

<record>
  <leader>     cz  a22     n  4500</leader>
  <controlfield tag="001">ko20201089252</controlfield>
  <controlfield tag="003">CZ PrNK</controlfield>
  <controlfield tag="005">20201015140801.0</controlfield>
  <controlfield tag="008">201015|n|aznnnaabn           n a|a      </controlfield>
  <datafield tag="040" ind1=" " ind2=" ">
    <subfield code="a">ABA001</subfield>
    <subfield code="b">cze</subfield>
    <subfield code="d">ABA001</subfield>
    <subfield code="e">rda</subfield>
  </datafield>
  <datafield tag="110" ind1="2" ind2=" ">
    <subfield code="a">Cascina Boscaiola (Milán, Itálie)</subfield>
    <subfield code="7">ko20201089252</subfield>
  </datafield>
  <datafield tag="368" ind1=" " ind2=" ">
    <subfield code="a">historické budovy</subfield>
  </datafield>
  <datafield tag="370" ind1=" " ind2=" ">
    <subfield code="c">Itálie</subfield>
    <subfield code="e">Milán, Itálie</subfield>
  </datafield>
  <datafield tag="670" ind1=" " ind2=" ">
    <subfield code="a">Salsi, Claudio: La Cascina Boscaiola prima : nuovi contributi</subfield>
  </datafield>
  <datafield tag="670" ind1=" " ind2=" ">
    <subfield code="a">www(Wikipedia, l'enciclopedia libera), cit. 15. 10. 2020</subfield>
    <subfield code="u">https://it.wikipedia.org/wiki/Cascina_Boscaiola</subfield>
  </datafield>
  <datafield tag="675" ind1=" " ind2=" ">
    <subfield code="a">LC (Names), cit. 15. 10. 2020</subfield>
  </datafield>
  <datafield tag="906" ind1=" " ind2=" ">
    <subfield code="a">za20201015</subfield>
    <subfield code="b">kvfu</subfield>
  </datafield>
  <datafield tag="906" ind1=" " ind2=" ">
    <subfield code="a">op20201015</subfield>
    <subfield code="b">svsv</subfield>
    <subfield code="c">URL - nově; Zdroj - další výskyt; Negativní zdroj - nově; Další info - nově; Související místo - doplnění</subfield>
  </datafield>
</record>