

<record>
  <leader>     nz  a22     n  4500</leader>
  <datafield tag="900" ind1=" " ind2=" ">
    <subfield code="a">*J-NÁVRH</subfield>
  </datafield>
  <controlfield tag="001">av20201089270</controlfield>
  <controlfield tag="003">CZ PrNK</controlfield>
  <controlfield tag="005">20201015142309.0</controlfield>
  <controlfield tag="008">201015|n|aznnnaabn           n a|a      </controlfield>
  <datafield tag="040" ind1=" " ind2=" ">
    <subfield code="a">ABB060</subfield>
    <subfield code="b">cze</subfield>
    <subfield code="e">rda</subfield>
  </datafield>
  <datafield tag="046" ind1=" " ind2=" ">
    <subfield code="f">1985</subfield>
  </datafield>
  <datafield tag="100" ind1="1" ind2=" ">
    <subfield code="a">Ortega, Lucie,</subfield>
    <subfield code="d">1985-</subfield>
    <subfield code="7">av20201089270</subfield>
  </datafield>
  <datafield tag="370" ind1=" " ind2=" ">
    <subfield code="a">Praha, Česko</subfield>
    <subfield code="c">Česko</subfield>
  </datafield>
  <datafield tag="372" ind1=" " ind2=" ">
    <subfield code="a">próza</subfield>
    <subfield code="a">vzdělávání dospělých</subfield>
    <subfield code="a">zážitková pedagogika</subfield>
    <subfield code="a">koučování</subfield>
  </datafield>
  <datafield tag="374" ind1=" " ind2=" ">
    <subfield code="a">prozaičky</subfield>
    <subfield code="a">koučky</subfield>
  </datafield>
  <datafield tag="375" ind1=" " ind2=" ">
    <subfield code="a">žena</subfield>
  </datafield>
  <datafield tag="377" ind1=" " ind2=" ">
    <subfield code="a">cze</subfield>
  </datafield>
  <datafield tag="400" ind1="1" ind2=" ">
    <subfield code="w">r</subfield>
    <subfield code="i">Rodné jméno:</subfield>
    <subfield code="a">Navrátilová, Lucie,</subfield>
    <subfield code="d">1985-</subfield>
    <subfield code="0">o</subfield>
  </datafield>
  <datafield tag="670" ind1=" " ind2=" ">
    <subfield code="a">www(Ortega, Lucie - Bečvář, Martin: Lucie Ortega: rozhovor s homo psavcem, který se propsal až k úspěchu. In: Fantasy Planet), 26. 7. 2020, cit. 15.10. 2020</subfield>
    <subfield code="b">autoritní forma</subfield>
  </datafield>
  <datafield tag="670" ind1=" " ind2=" ">
    <subfield code="a">Navrátilová, Lucie: Strážci pečeti. Praha : E-knihy jedou, 2015</subfield>
    <subfield code="b">odkaz viz</subfield>
  </datafield>
  <datafield tag="670" ind1=" " ind2=" ">
    <subfield code="a">[Lucie Ortega - biogram]. In: ...A pak přišlo ráno : jedno téma, třiadvacet různých pohledů : sborník nejlepších příspěvků literární soutěže OSKar 2019 [antologie].- Praha : Martin Koláček - E-knihy jedou, 2019. s. 17</subfield>
    <subfield code="b">rok narození, biografické údaje, charakteristika činnosti</subfield>
  </datafield>
  <datafield tag="678" ind1="0" ind2=" ">
    <subfield code="a">Narozena v roce 1985 v Praze. Zabývá se rozvojem a vzděláváním dospělých formou koučinku a zážitkové pedagogiky. Píše prózy, povídky a romány ve stylu magického realismu nebo fantasy.</subfield>
  </datafield>
  <datafield tag="906" ind1=" " ind2=" ">
    <subfield code="a">za20201015</subfield>
    <subfield code="b">uclph</subfield>
  </datafield>
</record>