

<record>
  <leader>     nz  a22     n  4500</leader>
  <datafield tag="900" ind1=" " ind2=" ">
    <subfield code="a">*J-NÁVRH-STT</subfield>
  </datafield>
  <controlfield tag="001">ola20201089275</controlfield>
  <controlfield tag="003">CZ PrNK</controlfield>
  <controlfield tag="005">20201015151829.0</controlfield>
  <controlfield tag="008">201015|n|aznnnaabn           n a|a      </controlfield>
  <datafield tag="040" ind1=" " ind2=" ">
    <subfield code="a">OLA001</subfield>
    <subfield code="b">cze</subfield>
    <subfield code="e">rda</subfield>
  </datafield>
  <datafield tag="046" ind1=" " ind2=" ">
    <subfield code="g">1698</subfield>
  </datafield>
  <datafield tag="100" ind1="1" ind2=" ">
    <subfield code="a">Vetter von der Lilie, Albert Friedrich,</subfield>
    <subfield code="c">hrabě,</subfield>
    <subfield code="d">zemř. 1698</subfield>
    <subfield code="7">ola20201089275</subfield>
  </datafield>
  <datafield tag="370" ind1=" " ind2=" ">
    <subfield code="a">Česko</subfield>
    <subfield code="f">Olomouc</subfield>
  </datafield>
  <datafield tag="373" ind1=" " ind2=" ">
    <subfield code="a">katolická víra</subfield>
  </datafield>
  <datafield tag="374" ind1=" " ind2=" ">
    <subfield code="a">katoličtí duchovní</subfield>
  </datafield>
  <datafield tag="374" ind1=" " ind2=" ">
    <subfield code="a">kanovník</subfield>
  </datafield>
  <datafield tag="375" ind1=" " ind2=" ">
    <subfield code="a">muž</subfield>
  </datafield>
  <datafield tag="400" ind1="1" ind2=" ">
    <subfield code="a">Vetter z Lilie, Albert Bedřich,</subfield>
    <subfield code="d">zemř. 1698</subfield>
    <subfield code="0">o</subfield>
  </datafield>
  <datafield tag="400" ind1="1" ind2=" ">
    <subfield code="a">Vetter-Lilie, Albert Friedrich,</subfield>
    <subfield code="d">zemř. 1698</subfield>
    <subfield code="0">o</subfield>
  </datafield>
  <datafield tag="400" ind1="1" ind2=" ">
    <subfield code="a">Vetter von der Lilie, Albert Friedrich Felix,</subfield>
    <subfield code="d">zemř. 1698</subfield>
    <subfield code="0">o</subfield>
  </datafield>
  <datafield tag="400" ind1="1" ind2=" ">
    <subfield code="a">Vetter von der Lilie, Albrech Friedrich,</subfield>
    <subfield code="d">zemř. 1698</subfield>
    <subfield code="0">o</subfield>
  </datafield>
  <datafield tag="670" ind1=" " ind2=" ">
    <subfield code="a">ÖNB, cit. 15.10. 2020</subfield>
    <subfield code="b">autoritní forma</subfield>
  </datafield>
  <datafield tag="670" ind1=" " ind2=" ">
    <subfield code="a">Mašek, Petr. Šlechtické rody v Čechách, na Moravě a ve Slezsku od Bílé hory do současnosti. Vyd. 1. Praha: Argo, 2010. 2 sv., s. 400.</subfield>
    <subfield code="b">biografické údaje</subfield>
  </datafield>
  <datafield tag="670" ind1=" " ind2=" ">
    <subfield code="a">www(muzeumnj.cz)https://www.muzeumnj.cz/zamek-nova-horka/zivot-na-zamku-1/rodokmen-hrabeci-rodiny-vetter-von-der-lilie/, cit. 15.10. 2020</subfield>
    <subfield code="b">biografické údaje, datum úmrtí</subfield>
  </datafield>
  <datafield tag="670" ind1=" " ind2=" ">
    <subfield code="a">www(wikipedia.org)https://de.wikipedia.org/wiki/Vetter_von_der_Lilie, cit. 15.10. 2020</subfield>
    <subfield code="b">biogragfické údaje</subfield>
  </datafield>
  <datafield tag="670" ind1=" " ind2=" ">
    <subfield code="a">Bretholz, Berthold, Die Grafen Vetter von der Lilie. Eine genealogische Studie. Winiker &amp; Schickardt, Brünn (1900).</subfield>
    <subfield code="b">biografické údaje, další podoba jména</subfield>
  </datafield>
  <datafield tag="670" ind1=" " ind2=" ">
    <subfield code="a">Chokier, Erasme de: Erasmi a Chokier... Tractatus absolutissimus de jurisdictione ordinarii in exemptos, deque illorum exemptione ab ordinaria jurisdictione ...(Na předním přídeští erbovní exlibris s devizou "DEO DUCE, VIRTUTE COMITE." s ručně dopsaným textem "Albertus Fridericus Vetter Co. a Liliis C. O.") -- Coloniae Agrippinae :Sumptibus haeredum Jo. Widenfeldt,1684.</subfield>
  </datafield>
  <datafield tag="678" ind1="0" ind2=" ">
    <subfield code="a">Zemřel 17.6. 1698 v Olomouci, byl synem hejtmana olomouckého kraje Johanna Balthasara Vettera z Lilie a působil ve funkci olomouckého kanovníka.</subfield>
  </datafield>
  <datafield tag="906" ind1=" " ind2=" ">
    <subfield code="a">za20201015</subfield>
    <subfield code="b">petra</subfield>
  </datafield>
</record>