

<record>
  <leader>     nz  a22     n  4500</leader>
  <datafield tag="900" ind1=" " ind2=" ">
    <subfield code="a">*J-NÁVRH</subfield>
  </datafield>
  <controlfield tag="001">xx0252814</controlfield>
  <controlfield tag="003">CZ PrNK</controlfield>
  <controlfield tag="005">20201015150033.3</controlfield>
  <controlfield tag="008">201015|n|aznnnaabn           n a|a      </controlfield>
  <datafield tag="040" ind1=" " ind2=" ">
    <subfield code="a">ABG001</subfield>
    <subfield code="b">cze</subfield>
    <subfield code="e">rda</subfield>
  </datafield>
  <datafield tag="100" ind1="1" ind2=" ">
    <subfield code="a">Luňáková, Anna,</subfield>
    <subfield code="d">1993-</subfield>
    <subfield code="7">xx0252814</subfield>
  </datafield>
  <datafield tag="370" ind1=" " ind2=" ">
    <subfield code="a">Jičín, Česko</subfield>
    <subfield code="c">Česko</subfield>
  </datafield>
  <datafield tag="372" ind1=" " ind2=" ">
    <subfield code="a">filozofie</subfield>
    <subfield code="a">autorské herectví</subfield>
    <subfield code="a">divadelní režie</subfield>
    <subfield code="a">literární činnost</subfield>
    <subfield code="a">překladatelská činnost</subfield>
    <subfield code="a">vysoké školy</subfield>
  </datafield>
  <datafield tag="374" ind1=" " ind2=" ">
    <subfield code="a">filozofky</subfield>
    <subfield code="a">divadelní režisérky</subfield>
    <subfield code="a">překladatelky</subfield>
  </datafield>
  <datafield tag="375" ind1=" " ind2=" ">
    <subfield code="a">žena</subfield>
  </datafield>
  <datafield tag="377" ind1=" " ind2=" ">
    <subfield code="a">cze</subfield>
    <subfield code="a">fre</subfield>
    <subfield code="a">por</subfield>
  </datafield>
  <datafield tag="670" ind1=" " ind2=" ">
    <subfield code="a">Luňáková, Anna: Tři, 2020</subfield>
    <subfield code="b">autoritní forma, datum narození, biografické údaje</subfield>
  </datafield>
  <datafield tag="678" ind1="0" ind2=" ">
    <subfield code="a">Narozena 1993 v Jičíně. Absolventka filozofie a autorského herectví, v současnosti je doktorandkou na Ústavu románských studií FF UK. Věnuje se i režii autorských představení, překládá z francouzštiny a portugalštiny, též píše a publikuje prózu a poezii.</subfield>
  </datafield>
  <datafield tag="906" ind1=" " ind2=" ">
    <subfield code="a">za20201015</subfield>
    <subfield code="b">xhesr</subfield>
  </datafield>
</record>