

<record>
  <leader>     nz  a22     n  4500</leader>
  <datafield tag="900" ind1=" " ind2=" ">
    <subfield code="a">*J-NÁVRH</subfield>
  </datafield>
  <controlfield tag="001">mzk20201089286</controlfield>
  <controlfield tag="003">CZ PrNK</controlfield>
  <controlfield tag="005">20201015150955.0</controlfield>
  <controlfield tag="008">201015|n|aznnnaabn           n a|a      </controlfield>
  <datafield tag="024" ind1="7" ind2=" ">
    <subfield code="a">0000000080957443</subfield>
    <subfield code="2">isni</subfield>
  </datafield>
  <datafield tag="024" ind1="7" ind2=" ">
    <subfield code="a">Q24010082</subfield>
    <subfield code="2">wikidata</subfield>
  </datafield>
  <datafield tag="040" ind1=" " ind2=" ">
    <subfield code="a">BOA001</subfield>
    <subfield code="b">cze</subfield>
    <subfield code="e">rda</subfield>
  </datafield>
  <datafield tag="046" ind1=" " ind2=" ">
    <subfield code="f">1929</subfield>
    <subfield code="g">1999</subfield>
  </datafield>
  <datafield tag="100" ind1="1" ind2=" ">
    <subfield code="a">Kalaušin, Boris Matvejevič,</subfield>
    <subfield code="d">1929-1999</subfield>
    <subfield code="7">mzk20201089286</subfield>
  </datafield>
  <datafield tag="370" ind1=" " ind2=" ">
    <subfield code="a">Petrohrad, Rusko</subfield>
    <subfield code="b">Petrohrad, Rusko</subfield>
    <subfield code="c">Rusko</subfield>
  </datafield>
  <datafield tag="372" ind1=" " ind2=" ">
    <subfield code="a">grafika</subfield>
    <subfield code="a">knižní ilustrace</subfield>
    <subfield code="a">dětská literatura</subfield>
    <subfield code="a">umělecká avantgarda</subfield>
  </datafield>
  <datafield tag="374" ind1=" " ind2=" ">
    <subfield code="a">grafici</subfield>
    <subfield code="a">ilustrátoři</subfield>
  </datafield>
  <datafield tag="375" ind1=" " ind2=" ">
    <subfield code="a">muž</subfield>
  </datafield>
  <datafield tag="377" ind1=" " ind2=" ">
    <subfield code="a">rus</subfield>
  </datafield>
  <datafield tag="400" ind1="1" ind2=" ">
    <subfield code="a">Kalaushin, Boris Matveevich,</subfield>
    <subfield code="d">1929-1999</subfield>
    <subfield code="2">czeeng</subfield>
    <subfield code="0">o</subfield>
  </datafield>
  <datafield tag="670" ind1=" " ind2=" ">
    <subfield code="a">Andersen, Hans Christian: Novyj narjad korolja (ris. B. Kalaušina), 1956</subfield>
  </datafield>
  <datafield tag="670" ind1=" " ind2=" ">
    <subfield code="a">RSL, cit. 15. 10. 2020</subfield>
    <subfield code="b">autoritní forma</subfield>
  </datafield>
  <datafield tag="670" ind1=" " ind2=" ">
    <subfield code="a">www(Vikipedija, svobodnaja ènciklopedija), cit. 15. 10. 2020</subfield>
    <subfield code="b">biografické údaje, rok a místo narození, rok a místo úmrtí</subfield>
    <subfield code="u">https://ru.wikipedia.org/wiki/Калаушин,_Борис_Матвеевич</subfield>
  </datafield>
  <datafield tag="670" ind1=" " ind2=" ">
    <subfield code="a">www(isni), cit. 15. 10. 2020</subfield>
    <subfield code="b">odkaz viz</subfield>
  </datafield>
  <datafield tag="678" ind1="0" ind2=" ">
    <subfield code="a">Ruský grafik a knižní ilustrátor, zaměřený na dětskou literaturu. Též činný v oblasti ruské umělecké avantgardy.</subfield>
  </datafield>
  <datafield tag="906" ind1=" " ind2=" ">
    <subfield code="a">za20201015</subfield>
    <subfield code="b">klosja</subfield>
  </datafield>
</record>