

<record>
  <leader>     cz  a22     n  4500</leader>
  <controlfield tag="001">jo20201089295</controlfield>
  <controlfield tag="003">CZ PrNK</controlfield>
  <controlfield tag="005">20201016114811.0</controlfield>
  <controlfield tag="008">201015|n|aznnnaabn           n a|a      </controlfield>
  <datafield tag="024" ind1="7" ind2=" ">
    <subfield code="a">0000000353852074</subfield>
    <subfield code="2">isni</subfield>
  </datafield>
  <datafield tag="024" ind1="7" ind2=" ">
    <subfield code="a">Q5907931</subfield>
    <subfield code="2">wikidata</subfield>
  </datafield>
  <datafield tag="040" ind1=" " ind2=" ">
    <subfield code="a">ABA001</subfield>
    <subfield code="b">cze</subfield>
    <subfield code="d">ABA001</subfield>
    <subfield code="e">rda</subfield>
  </datafield>
  <datafield tag="046" ind1=" " ind2=" ">
    <subfield code="f">1164</subfield>
    <subfield code="g">1223</subfield>
  </datafield>
  <datafield tag="100" ind1="1" ind2=" ">
    <subfield code="a">Ibn Ṭamlūs, Jūsuf bin Muḥammad,</subfield>
    <subfield code="d">asi 1164-1223</subfield>
    <subfield code="7">jo20201089295</subfield>
  </datafield>
  <datafield tag="MOR" ind1="0" ind2=" ">
    <subfield code="a">Ibn Ṭamlūs, Jūsuf bin Muḥammad,</subfield>
    <subfield code="d">1164-1223</subfield>
    <subfield code="7">jo20201089295</subfield>
  </datafield>
  <datafield tag="370" ind1=" " ind2=" ">
    <subfield code="a">Alcira, Španělsko</subfield>
    <subfield code="c">Španělsko</subfield>
  </datafield>
  <datafield tag="372" ind1=" " ind2=" ">
    <subfield code="a">filozofie</subfield>
    <subfield code="a">lékařství</subfield>
    <subfield code="a">poezie</subfield>
    <subfield code="a">logika</subfield>
  </datafield>
  <datafield tag="374" ind1=" " ind2=" ">
    <subfield code="a">filozofové</subfield>
    <subfield code="a">lékaři</subfield>
  </datafield>
  <datafield tag="375" ind1=" " ind2=" ">
    <subfield code="a">muž</subfield>
  </datafield>
  <datafield tag="377" ind1=" " ind2=" ">
    <subfield code="a">ara</subfield>
  </datafield>
  <datafield tag="400" ind1="0" ind2=" ">
    <subfield code="a">Abentomlús,</subfield>
    <subfield code="c">de Alcira,</subfield>
    <subfield code="d">asi 1164-1223</subfield>
    <subfield code="0">o</subfield>
  </datafield>
  <datafield tag="400" ind1="1" ind2=" ">
    <subfield code="a">Bin Thalmus, Alhagiag,</subfield>
    <subfield code="d">asi 1164-1223</subfield>
    <subfield code="0">o</subfield>
  </datafield>
  <datafield tag="400" ind1="1" ind2=" ">
    <subfield code="a">Ibn Ṭumlūs, Yūsuf ibn Muḥammad,</subfield>
    <subfield code="d">asi 1164-1223</subfield>
    <subfield code="0">o</subfield>
  </datafield>
  <datafield tag="400" ind1="0" ind2=" ">
    <subfield code="a">Abū al-Ḥaǧǧāǧ Jūsuf bin Muḥammad ibn Ṭamlūs aš-Šaqrī,</subfield>
    <subfield code="d">asi 1164-1223</subfield>
    <subfield code="0">o</subfield>
  </datafield>
  <datafield tag="400" ind1="1" ind2=" ">
    <subfield code="a">Ibn Ṭalmūs, Yūsuf ibn Muḥammad,</subfield>
    <subfield code="d">asi 1164-1223</subfield>
    <subfield code="0">o</subfield>
  </datafield>
  <datafield tag="400" ind1="0" ind2=" ">
    <subfield code="a">Yūsuf Ibn-Muḥammad Ibn-Ṭumlus,</subfield>
    <subfield code="d">asi 1164-1223</subfield>
    <subfield code="0">o</subfield>
  </datafield>
  <datafield tag="400" ind1="0" ind2=" ">
    <subfield code="a">Abu l-Ḥajjāj Yūsuf ibn Muḥammad ibn Ṭumlūs,</subfield>
    <subfield code="d">asi 1164-1223</subfield>
    <subfield code="0">o</subfield>
  </datafield>
  <datafield tag="400" ind1="1" ind2=" ">
    <subfield code="a">Alcira, Abentomlús de,</subfield>
    <subfield code="d">asi 1164-1223</subfield>
    <subfield code="0">o</subfield>
  </datafield>
  <datafield tag="400" ind1="0" ind2=" ">
    <subfield code="a">Alhagiag bin Thalmus,</subfield>
    <subfield code="d">asi 1164-1223</subfield>
    <subfield code="0">o</subfield>
  </datafield>
  <datafield tag="400" ind1="0" ind2=" ">
    <subfield code="a">Abu-l-Hayyay ibn Tumlus,</subfield>
    <subfield code="d">asi 1164-1223</subfield>
    <subfield code="0">o</subfield>
  </datafield>
  <datafield tag="400" ind1="0" ind2=" ">
    <subfield code="a">Abén Tomlús,</subfield>
    <subfield code="d">asi 1164-1223</subfield>
    <subfield code="0">o</subfield>
  </datafield>
  <datafield tag="400" ind1="1" ind2=" ">
    <subfield code="a">Tomlús, Abén,</subfield>
    <subfield code="d">asi 1164-1223</subfield>
    <subfield code="0">o</subfield>
  </datafield>
  <datafield tag="400" ind1="1" ind2=" ">
    <subfield code="a">ابن طملوس، يوسف بن محمد,</subfield>
    <subfield code="d">asi 1164-1223</subfield>
    <subfield code="0">o</subfield>
  </datafield>
  <datafield tag="667" ind1=" " ind2=" ">
    <subfield code="a">Autoritní forma vytvořena na základě přepisu z neoznačeného zdroje paní Přibylovou.</subfield>
  </datafield>
  <datafield tag="670" ind1=" " ind2=" ">
    <subfield code="a">BNE, cit. 16. 10. 2020</subfield>
    <subfield code="b">odkazy viz, pole 375, 377</subfield>
  </datafield>
  <datafield tag="670" ind1=" " ind2=" ">
    <subfield code="a">www(Wikipedia, the free encyclopedia), cit. 16. 10. 2020</subfield>
    <subfield code="b">životní data, biografické údaje</subfield>
    <subfield code="u">https://en.wikipedia.org/wiki/Ibn_Tumlus</subfield>
  </datafield>
  <datafield tag="670" ind1=" " ind2=" ">
    <subfield code="a">Ibn Tumlūs (Alhagiag bin Thalmus d. 620/1223) ; edited, with introductions, notes, and indexes by Fouad Ben Ahmed: Compendium on logic = al-Muhtaṣar fī al-Manṭiq, 2020</subfield>
    <subfield code="b">biografické údaje</subfield>
  </datafield>
  <datafield tag="670" ind1=" " ind2=" ">
    <subfield code="a">LC (Names), cit. 16. 10. 2020</subfield>
    <subfield code="b">odkaz viz</subfield>
  </datafield>
  <datafield tag="670" ind1=" " ind2=" ">
    <subfield code="a">DNB, cit. 16. 10. 2020</subfield>
    <subfield code="b">odkaz viz, biografické údaje</subfield>
  </datafield>
  <datafield tag="670" ind1=" " ind2=" ">
    <subfield code="a">www(Wikipedia, la enciclopedia libre), cit. 16. 10. 2020</subfield>
    <subfield code="b">odkaz viz</subfield>
    <subfield code="u">https://es.wikipedia.org/wiki/Ibn_Tumlus</subfield>
  </datafield>
  <datafield tag="678" ind1="0" ind2=" ">
    <subfield code="a">Hispanoarabský filozof, lékař, zabýval se také gramatikou, poezií, literaturou a logikou.</subfield>
  </datafield>
  <datafield tag="906" ind1=" " ind2=" ">
    <subfield code="a">za20201015</subfield>
    <subfield code="b">japr</subfield>
  </datafield>
  <datafield tag="906" ind1=" " ind2=" ">
    <subfield code="a">oz20201016</subfield>
    <subfield code="b">maku</subfield>
    <subfield code="c">Záhlaví - oprava datace, biografická poznámka - nově, viz - další výskyty, zdroj - další výskyty a aktualizace, 024, 370, 372, 374, 375, 377 - nově</subfield>
  </datafield>
  <datafield tag="906" ind1=" " ind2=" ">
    <subfield code="a">op20201016</subfield>
    <subfield code="b">lisi</subfield>
    <subfield code="c">Viz - další výskyt, interní poznámka - nově, zdroj - další výskyt</subfield>
  </datafield>
</record>