

<record>
  <leader>     nz  a22     n  4500</leader>
  <controlfield tag="001">kon20201089315</controlfield>
  <controlfield tag="003">CZ PrNK</controlfield>
  <controlfield tag="005">20201016074407.0</controlfield>
  <controlfield tag="008">201016|n|aznnnaabn           n a|a      </controlfield>
  <datafield tag="040" ind1=" " ind2=" ">
    <subfield code="a">ABA001</subfield>
    <subfield code="b">cze</subfield>
    <subfield code="e">rda</subfield>
  </datafield>
  <datafield tag="110" ind1="2" ind2=" ">
    <subfield code="a">Tělocvičná jednota Sokol Plzeň (1863-1950).</subfield>
    <subfield code="t">Výroční zpráva (Tělocvičná jednota Sokol Plzeň (1863-1950))</subfield>
    <subfield code="7">kon20201089315</subfield>
  </datafield>
  <datafield tag="410" ind1="2" ind2=" ">
    <subfield code="a">Tělocvičná jednota Sokol Plzeň (1863-1950).</subfield>
    <subfield code="t">Výroční Zpráva o činnosti Tělocvičné jednoty Sokol v Plzni</subfield>
    <subfield code="0">o</subfield>
  </datafield>
  <datafield tag="410" ind1="2" ind2=" ">
    <subfield code="a">Tělocvičná jednota Sokol Plzeň (1863-1950).</subfield>
    <subfield code="t">Zpráva o činnosti Tělocvičné jednoty Sokol v Plzni</subfield>
    <subfield code="0">o</subfield>
  </datafield>
  <datafield tag="410" ind1="2" ind2=" ">
    <subfield code="a">Tělocvičná jednota Sokol Plzeň (1863-1950).</subfield>
    <subfield code="t">Výroční zpráva Tělocvičné jedn. Sokol v Plzni</subfield>
    <subfield code="0">o</subfield>
  </datafield>
  <datafield tag="410" ind1="2" ind2=" ">
    <subfield code="a">Tělocvičná jednota Sokol Plzeň (1863-1950).</subfield>
    <subfield code="t">Výroční zpráva Tělocvičné jednoty Sokol Plzeň I</subfield>
    <subfield code="0">o</subfield>
  </datafield>
  <datafield tag="906" ind1=" " ind2=" ">
    <subfield code="a">br20201016</subfield>
    <subfield code="b">juri</subfield>
  </datafield>
  <datafield tag="906" ind1=" " ind2=" ">
    <subfield code="a">ks20201016</subfield>
    <subfield code="b">juri</subfield>
  </datafield>
</record>