

<record>
  <leader>     nz  a22     n  4500</leader>
  <datafield tag="900" ind1=" " ind2=" ">
    <subfield code="a">*J-NÁVRH</subfield>
  </datafield>
  <controlfield tag="001">mzk20201089321</controlfield>
  <controlfield tag="003">CZ PrNK</controlfield>
  <controlfield tag="005">20201016095537.0</controlfield>
  <controlfield tag="008">201016|n|aznnnaabn           n a|a      </controlfield>
  <datafield tag="024" ind1="7" ind2=" ">
    <subfield code="a">0000000110575789</subfield>
    <subfield code="2">isni</subfield>
  </datafield>
  <datafield tag="040" ind1=" " ind2=" ">
    <subfield code="a">BOA001</subfield>
    <subfield code="b">cze</subfield>
    <subfield code="e">rda</subfield>
  </datafield>
  <datafield tag="046" ind1=" " ind2=" ">
    <subfield code="f">1905</subfield>
    <subfield code="g">1972</subfield>
  </datafield>
  <datafield tag="100" ind1="1" ind2=" ">
    <subfield code="a">Niini, Aarno,</subfield>
    <subfield code="d">1905-1972</subfield>
    <subfield code="7">mzk20201089321</subfield>
  </datafield>
  <datafield tag="370" ind1=" " ind2=" ">
    <subfield code="a">Pori, Finsko</subfield>
    <subfield code="b">Helsinky, Finsko</subfield>
    <subfield code="c">Finsko</subfield>
  </datafield>
  <datafield tag="372" ind1=" " ind2=" ">
    <subfield code="a">fyzika</subfield>
    <subfield code="a">geologie</subfield>
  </datafield>
  <datafield tag="374" ind1=" " ind2=" ">
    <subfield code="a">fyzici</subfield>
    <subfield code="a">geologové</subfield>
  </datafield>
  <datafield tag="375" ind1=" " ind2=" ">
    <subfield code="a">muž</subfield>
  </datafield>
  <datafield tag="377" ind1=" " ind2=" ">
    <subfield code="a">fin</subfield>
    <subfield code="a">eng</subfield>
  </datafield>
  <datafield tag="670" ind1=" " ind2=" ">
    <subfield code="a">Niini, Aarno: An indirect method for determining the ionisation potentials of nonpolar molecules, 1953</subfield>
  </datafield>
  <datafield tag="670" ind1=" " ind2=" ">
    <subfield code="a">www(Kansalliskirjasto), cit. 16. 10. 2020</subfield>
    <subfield code="b">autoritní forma, biografické údaje, rok narození a úmrtí</subfield>
  </datafield>
  <datafield tag="670" ind1=" " ind2=" ">
    <subfield code="a">Wikipedia (Vapaa tietosanakirja), cit. 16. 10. 2020</subfield>
    <subfield code="b">biografické údaje, místo narození a úmrtí</subfield>
    <subfield code="u">https://fi.wikipedia.org/wiki/Aarno_Niini</subfield>
  </datafield>
  <datafield tag="678" ind1="0" ind2=" ">
    <subfield code="a">Finský fyzik a geolog, práce o vzniku Země a Měsíce.</subfield>
  </datafield>
  <datafield tag="906" ind1=" " ind2=" ">
    <subfield code="a">za20201016</subfield>
    <subfield code="b">goldma</subfield>
  </datafield>
</record>