

<record>
  <leader>     nz  a22     n  4500</leader>
  <datafield tag="900" ind1=" " ind2=" ">
    <subfield code="a">J-NÁVRH</subfield>
  </datafield>
  <controlfield tag="001">xx0252831</controlfield>
  <controlfield tag="003">CZ PrNK</controlfield>
  <controlfield tag="005">20201016094907.3</controlfield>
  <controlfield tag="008">201016|n|aznnnaabn           n a|a      </controlfield>
  <datafield tag="040" ind1=" " ind2=" ">
    <subfield code="a">ABA008</subfield>
    <subfield code="b">cze</subfield>
    <subfield code="e">rda</subfield>
  </datafield>
  <datafield tag="100" ind1="1" ind2=" ">
    <subfield code="a">Císařová, Klára</subfield>
    <subfield code="7">xx0252831</subfield>
  </datafield>
  <datafield tag="368" ind1=" " ind2=" ">
    <subfield code="d">MUDr.</subfield>
    <subfield code="s">2014</subfield>
  </datafield>
  <datafield tag="370" ind1=" " ind2=" ">
    <subfield code="c">Česko</subfield>
  </datafield>
  <datafield tag="372" ind1=" " ind2=" ">
    <subfield code="a">lékařství</subfield>
    <subfield code="a">dermatovenerologie</subfield>
  </datafield>
  <datafield tag="374" ind1=" " ind2=" ">
    <subfield code="a">lékařky</subfield>
    <subfield code="a">dermatoveneroložky</subfield>
  </datafield>
  <datafield tag="375" ind1=" " ind2=" ">
    <subfield code="a">žena</subfield>
  </datafield>
  <datafield tag="377" ind1=" " ind2=" ">
    <subfield code="a">cze</subfield>
  </datafield>
  <datafield tag="670" ind1=" " ind2=" ">
    <subfield code="a">Císařová, Klára ... [et al.]: Lokalizované edémy bérců. Československá dermatologie, 2020, roč. 95, č. 3, s. 116-118.</subfield>
    <subfield code="b">autoritní forma, pracoviště</subfield>
  </datafield>
  <datafield tag="670" ind1=" " ind2=" ">
    <subfield code="a">www(Česká lékařská komora), cit. 16. 10. 2020</subfield>
    <subfield code="b">profesní data</subfield>
  </datafield>
  <datafield tag="678" ind1="0" ind2=" ">
    <subfield code="a">MUDr., dermatoveneroložka (Dermatovenerologické oddělení, Ústřední vojenská nemocnice – Vojenská fakultní nemocnice Praha).</subfield>
  </datafield>
  <datafield tag="906" ind1=" " ind2=" ">
    <subfield code="a">za20201016</subfield>
    <subfield code="b">xlufr</subfield>
  </datafield>
</record>