

<record>
  <leader>     nz  a22     n  4500</leader>
  <datafield tag="900" ind1=" " ind2=" ">
    <subfield code="a">J-NÁVRH</subfield>
  </datafield>
  <controlfield tag="001">ntk20201089345</controlfield>
  <controlfield tag="003">CZ PrNK</controlfield>
  <controlfield tag="005">20201016154310.0</controlfield>
  <controlfield tag="008">201016|n|aznnnaabn           n a|a      </controlfield>
  <datafield tag="040" ind1=" " ind2=" ">
    <subfield code="a">ABA013</subfield>
    <subfield code="b">cze</subfield>
    <subfield code="e">rda</subfield>
  </datafield>
  <datafield tag="046" ind1=" " ind2=" ">
    <subfield code="f">1963</subfield>
  </datafield>
  <datafield tag="100" ind1="1" ind2=" ">
    <subfield code="a">Ratcliff, Marc J.,</subfield>
    <subfield code="d">1963-</subfield>
    <subfield code="7">ntk20201089345</subfield>
  </datafield>
  <datafield tag="368" ind1=" " ind2=" ">
    <subfield code="d">Ph.D. (History of medicine)</subfield>
    <subfield code="s">2001</subfield>
  </datafield>
  <datafield tag="368" ind1=" " ind2=" ">
    <subfield code="d">Ph.D. (Psychology)</subfield>
    <subfield code="s">1995</subfield>
  </datafield>
  <datafield tag="370" ind1=" " ind2=" ">
    <subfield code="a">Ženeva, Švýcarsko</subfield>
    <subfield code="c">Švýcarsko</subfield>
    <subfield code="c">Velká Británie</subfield>
    <subfield code="c">Německo</subfield>
  </datafield>
  <datafield tag="372" ind1=" " ind2=" ">
    <subfield code="a">psychologie</subfield>
    <subfield code="a">teorie poznání</subfield>
    <subfield code="a">lékařství</subfield>
    <subfield code="a">dějiny vědy</subfield>
  </datafield>
  <datafield tag="373" ind1=" " ind2=" ">
    <subfield code="a">Wellcome Institute for the History of Medicine</subfield>
    <subfield code="s">1998</subfield>
    <subfield code="t">1999</subfield>
  </datafield>
  <datafield tag="373" ind1=" " ind2=" ">
    <subfield code="a">Max-Planck-Institut für Wissenschaftsgeschichte</subfield>
    <subfield code="s">1997</subfield>
    <subfield code="t">1998</subfield>
  </datafield>
  <datafield tag="373" ind1=" " ind2=" ">
    <subfield code="a">Université de Genève</subfield>
    <subfield code="a">University College, London</subfield>
  </datafield>
  <datafield tag="374" ind1=" " ind2=" ">
    <subfield code="a">psychologové</subfield>
    <subfield code="a">vysokoškolští učitelé</subfield>
  </datafield>
  <datafield tag="375" ind1=" " ind2=" ">
    <subfield code="a">muž</subfield>
  </datafield>
  <datafield tag="377" ind1=" " ind2=" ">
    <subfield code="a">eng</subfield>
    <subfield code="a">fre</subfield>
    <subfield code="a">ita</subfield>
  </datafield>
  <datafield tag="400" ind1="1" ind2=" ">
    <subfield code="a">Ratcliff, Marc James,</subfield>
    <subfield code="d">1963-</subfield>
    <subfield code="0">o</subfield>
  </datafield>
  <datafield tag="670" ind1=" " ind2=" ">
    <subfield code="a">Ratcliff, Marc J.: The quest for the invisible : microscopy in the Enlightenment, ©2009</subfield>
    <subfield code="b">afiliace</subfield>
  </datafield>
  <datafield tag="670" ind1=" " ind2=" ">
    <subfield code="a">HELVETICAT, cit. 16. 10. 2020</subfield>
    <subfield code="b">autoritní forma</subfield>
  </datafield>
  <datafield tag="670" ind1=" " ind2=" ">
    <subfield code="a">www(Université de Genève), cit. 16. 10. 2020</subfield>
    <subfield code="b">rok narození, místo narození, odkaz viz, další jazyky, profesní údaje</subfield>
  </datafield>
  <datafield tag="678" ind1="0" ind2=" ">
    <subfield code="a">Švýcarský psycholog a vysokoškolský pedagog, zabývá se především teorií poznání a historií vědy. Publikace v oboru.</subfield>
  </datafield>
  <datafield tag="906" ind1=" " ind2=" ">
    <subfield code="a">za20201016</subfield>
    <subfield code="b">jkre</subfield>
  </datafield>
  <datafield tag="906" ind1=" " ind2=" ">
    <subfield code="a">ko20201016</subfield>
    <subfield code="b">msis</subfield>
  </datafield>
</record>