

<record>
  <leader>     nz  a22     n  4500</leader>
  <controlfield tag="001">xx0252842</controlfield>
  <controlfield tag="003">CZ PrNK</controlfield>
  <controlfield tag="005">20201016123150.0</controlfield>
  <controlfield tag="008">201016|n|aznnnaabn           n a|a      </controlfield>
  <datafield tag="040" ind1=" " ind2=" ">
    <subfield code="a">CBA001</subfield>
    <subfield code="b">cze</subfield>
    <subfield code="d">ABA001</subfield>
    <subfield code="e">rda</subfield>
  </datafield>
  <datafield tag="046" ind1=" " ind2=" ">
    <subfield code="f">1941</subfield>
  </datafield>
  <datafield tag="100" ind1="1" ind2=" ">
    <subfield code="a">Baumann, Urs,</subfield>
    <subfield code="d">1941-</subfield>
    <subfield code="7">xx0252842</subfield>
  </datafield>
  <datafield tag="370" ind1=" " ind2=" ">
    <subfield code="c">Švýcarsko</subfield>
  </datafield>
  <datafield tag="372" ind1=" " ind2=" ">
    <subfield code="a">psychologie</subfield>
  </datafield>
  <datafield tag="374" ind1=" " ind2=" ">
    <subfield code="a">psychologové</subfield>
    <subfield code="a">vysokoškolští učitelé</subfield>
  </datafield>
  <datafield tag="375" ind1=" " ind2=" ">
    <subfield code="a">muž</subfield>
  </datafield>
  <datafield tag="400" ind1="1" ind2=" ">
    <subfield code="a">Baumann, U.,</subfield>
    <subfield code="d">1941-</subfield>
    <subfield code="0">o</subfield>
  </datafield>
  <datafield tag="670" ind1=" " ind2=" ">
    <subfield code="a">HELVETICAT, cit. 16. 10. 2020</subfield>
    <subfield code="b">autoritní forma</subfield>
  </datafield>
  <datafield tag="670" ind1=" " ind2=" ">
    <subfield code="a">DNB, cit. 16. 10. 2020</subfield>
    <subfield code="b">rok narození, odkaz viz, biografické údaje</subfield>
  </datafield>
  <datafield tag="670" ind1=" " ind2=" ">
    <subfield code="a">Klinische Psychologie : Theorie und Praxis. I / herausgegeben von Walter J. Schraml, Urs Baumann. Bern, 1975</subfield>
  </datafield>
  <datafield tag="670" ind1=" " ind2=" ">
    <subfield code="a">Psychologische Taxometrie : eine Methodenstudie über Ahnlichkeits-Koffizienten, Q´-Clusteranalyse und Q-Faktorenanalyse / Urs Baumann. Bern, 1971</subfield>
  </datafield>
  <datafield tag="678" ind1="0" ind2=" ">
    <subfield code="a">Švýcarský psycholog a vysokoškolský pedagog.</subfield>
  </datafield>
  <datafield tag="906" ind1=" " ind2=" ">
    <subfield code="a">za20201016</subfield>
    <subfield code="b">xlebe</subfield>
  </datafield>
  <datafield tag="906" ind1=" " ind2=" ">
    <subfield code="a">vr20201016</subfield>
    <subfield code="b">lisi</subfield>
  </datafield>
</record>