

<record>
  <leader>     cz  a22     n  4500</leader>
  <controlfield tag="001">xx0252844</controlfield>
  <controlfield tag="003">CZ PrNK</controlfield>
  <controlfield tag="005">20201016115944.0</controlfield>
  <controlfield tag="008">201016|n|aznnnaabn           n a|a      </controlfield>
  <datafield tag="024" ind1="7" ind2=" ">
    <subfield code="a">Q5078693</subfield>
    <subfield code="2">wikidata</subfield>
  </datafield>
  <datafield tag="024" ind1="7" ind2=" ">
    <subfield code="a">0000000082633389</subfield>
    <subfield code="2">isni</subfield>
  </datafield>
  <datafield tag="040" ind1=" " ind2=" ">
    <subfield code="a">ABE304</subfield>
    <subfield code="b">cze</subfield>
    <subfield code="d">ABA001</subfield>
    <subfield code="e">rda</subfield>
  </datafield>
  <datafield tag="046" ind1=" " ind2=" ">
    <subfield code="f">1859</subfield>
    <subfield code="g">1900</subfield>
  </datafield>
  <datafield tag="100" ind1="1" ind2=" ">
    <subfield code="a">Hoyt, Charles H.</subfield>
    <subfield code="q">(Charles Hale),</subfield>
    <subfield code="d">1859-1900</subfield>
    <subfield code="7">xx0252844</subfield>
  </datafield>
  <datafield tag="370" ind1=" " ind2=" ">
    <subfield code="c">Spojené státy americké</subfield>
    <subfield code="f">New Hampshire</subfield>
  </datafield>
  <datafield tag="372" ind1=" " ind2=" ">
    <subfield code="a">drama</subfield>
    <subfield code="a">divadelní kritika</subfield>
    <subfield code="a">politika</subfield>
  </datafield>
  <datafield tag="373" ind1=" " ind2=" ">
    <subfield code="a">New Hampshire. House of Representatives</subfield>
    <subfield code="2">LC (Names)</subfield>
  </datafield>
  <datafield tag="374" ind1=" " ind2=" ">
    <subfield code="a">dramatici</subfield>
    <subfield code="a">divadelní kritici</subfield>
    <subfield code="a">poslanci</subfield>
  </datafield>
  <datafield tag="375" ind1=" " ind2=" ">
    <subfield code="a">muž</subfield>
  </datafield>
  <datafield tag="377" ind1=" " ind2=" ">
    <subfield code="a">eng</subfield>
  </datafield>
  <datafield tag="400" ind1="1" ind2=" ">
    <subfield code="a">Hoyt, Chas. H.</subfield>
    <subfield code="q">(Charles Hale),</subfield>
    <subfield code="d">1859-1900</subfield>
    <subfield code="0">o</subfield>
  </datafield>
  <datafield tag="400" ind1="1" ind2=" ">
    <subfield code="a">Hoyt, Charles Hale,</subfield>
    <subfield code="d">1859-1900</subfield>
    <subfield code="0">o</subfield>
  </datafield>
  <datafield tag="667" ind1=" " ind2=" ">
    <subfield code="a">Některé zdroje uvádějí datum narození 1860.</subfield>
  </datafield>
  <datafield tag="670" ind1=" " ind2=" ">
    <subfield code="a">Hoyt, Charles H.: A Temperance Town. In: Moody, Richard: Dramas from the American theatre 1762-1909, 1966</subfield>
  </datafield>
  <datafield tag="670" ind1=" " ind2=" ">
    <subfield code="a">LC(Names), cit. 15. 10. 2020</subfield>
    <subfield code="b">autoritní forma, data, odkaz viz</subfield>
  </datafield>
  <datafield tag="670" ind1=" " ind2=" ">
    <subfield code="a">www(Wikipedia, the free encyclopedia), cit. 15. 10. 2020</subfield>
    <subfield code="b">biografické údaje, odkaz viz</subfield>
    <subfield code="u">https://en.wikipedia.org/wiki/Charles_H._Hoyt</subfield>
  </datafield>
  <datafield tag="678" ind1="0" ind2=" ">
    <subfield code="a">Americký dramatik, divadelní a hudební kritik, poslanec New Hampshire House.</subfield>
  </datafield>
  <datafield tag="906" ind1=" " ind2=" ">
    <subfield code="a">za20201016</subfield>
    <subfield code="b">xalso</subfield>
  </datafield>
  <datafield tag="906" ind1=" " ind2=" ">
    <subfield code="a">op20201016</subfield>
    <subfield code="b">beba</subfield>
    <subfield code="c">Viz formální oprava, další výskyt; 024, 370f, 373 nově; 372a, 374a další výskyt; 667 oprava; 670b formální oprava, doplnění; 678 doplnění</subfield>
  </datafield>
</record>