

<record>
  <leader>     nz  a22     n  4500</leader>
  <datafield tag="900" ind1=" " ind2=" ">
    <subfield code="a">*J-NÁVRH-STT</subfield>
  </datafield>
  <controlfield tag="001">ola20201089360</controlfield>
  <controlfield tag="003">CZ PrNK</controlfield>
  <controlfield tag="005">20201016112024.0</controlfield>
  <controlfield tag="008">201016|n|aznnnaabn           n a|a      </controlfield>
  <datafield tag="040" ind1=" " ind2=" ">
    <subfield code="a">OLA001</subfield>
    <subfield code="b">cze</subfield>
    <subfield code="e">rda</subfield>
  </datafield>
  <datafield tag="046" ind1=" " ind2=" ">
    <subfield code="f">1717</subfield>
    <subfield code="g">1800</subfield>
  </datafield>
  <datafield tag="100" ind1="1" ind2=" ">
    <subfield code="a">Zuri, Philipp,</subfield>
    <subfield code="d">1717-1800</subfield>
    <subfield code="7">ola20201089360</subfield>
  </datafield>
  <datafield tag="368" ind1=" " ind2=" ">
    <subfield code="d">velehradský opat</subfield>
    <subfield code="d">OCist</subfield>
    <subfield code="s">1763</subfield>
    <subfield code="t">1784</subfield>
  </datafield>
  <datafield tag="370" ind1=" " ind2=" ">
    <subfield code="a">Vídeň, Rakousko</subfield>
    <subfield code="b">Vyškov, Česko</subfield>
    <subfield code="c">Česko</subfield>
    <subfield code="c">Rakousko</subfield>
    <subfield code="c">Itálie</subfield>
    <subfield code="f">Velehrad, Česko</subfield>
    <subfield code="f">Kroměříž, Česko</subfield>
    <subfield code="f">Řím, Itálie</subfield>
    <subfield code="f">Vídeň, Rakousko</subfield>
    <subfield code="f">Praha, Česko</subfield>
    <subfield code="f">Brno, Česko</subfield>
    <subfield code="f">Vyškov, Česko</subfield>
  </datafield>
  <datafield tag="372" ind1=" " ind2=" ">
    <subfield code="a">teologie</subfield>
    <subfield code="a">církevní správa</subfield>
  </datafield>
  <datafield tag="374" ind1=" " ind2=" ">
    <subfield code="a">církevní hodnostáři</subfield>
    <subfield code="a">opati</subfield>
    <subfield code="a">vikáři</subfield>
  </datafield>
  <datafield tag="375" ind1=" " ind2=" ">
    <subfield code="a">muž</subfield>
  </datafield>
  <datafield tag="377" ind1=" " ind2=" ">
    <subfield code="a">lat</subfield>
  </datafield>
  <datafield tag="400" ind1="1" ind2=" ">
    <subfield code="a">Zurý, Filip,</subfield>
    <subfield code="d">1717-1800</subfield>
    <subfield code="0">o</subfield>
  </datafield>
  <datafield tag="400" ind1="1" ind2=" ">
    <subfield code="a">Zuré, Filip,</subfield>
    <subfield code="d">1717-1800</subfield>
    <subfield code="0">o</subfield>
  </datafield>
  <datafield tag="400" ind1="1" ind2=" ">
    <subfield code="a">Zuri, Philippus von,</subfield>
    <subfield code="d">1717-1800</subfield>
    <subfield code="0">o</subfield>
  </datafield>
  <datafield tag="670" ind1=" " ind2=" ">
    <subfield code="a">www(zisterzienserlexikon.de), cit. 16. 10. 2020</subfield>
    <subfield code="b">autoritní forma, biografické údaje, datum narození</subfield>
  </datafield>
  <datafield tag="670" ind1=" " ind2=" ">
    <subfield code="a">Hurt, Rudolf. Dějiny cisterciáckého kláštera na Velehradě. 2, 1650-1784. V Olomouci: Akademie Velehradská, 1938.</subfield>
    <subfield code="b">biografické údaje, datum úmrtí</subfield>
  </datafield>
  <datafield tag="670" ind1=" " ind2=" ">
    <subfield code="a">Glonek, Jiří: Stabilizace knihovny za Josefa Arnošta Karmáška (1791-1809). Chrám věd a múz: dějiny Vědecké knihovny v Olomouci. Olomouc: Vědecká knihovna v Olomouci, 2016. s. 101-109.</subfield>
    <subfield code="b">biografické údaje, odkaz viz</subfield>
  </datafield>
  <datafield tag="675" ind1=" " ind2=" ">
    <subfield code="a">DNB, cit. 16. 10. 2020</subfield>
  </datafield>
  <datafield tag="678" ind1="0" ind2=" ">
    <subfield code="a">Opat cisterciáckých klášterů na Velehradě, v Pillis a Paszto v Uhrách, vizitátor a generální vikář Čech, Moravy a obou Lužic, apoštolský přísežný notář. Narozen 21. 3. 1717 ve Vídni, zemřel 29. 3. 1800 ve Vyškově. Studoval teologii a právo v Praze a Brně.</subfield>
  </datafield>
  <datafield tag="906" ind1=" " ind2=" ">
    <subfield code="a">za20201016</subfield>
    <subfield code="b">jigl</subfield>
  </datafield>
</record>