

<record>
  <leader>     nz  a22     n  4500</leader>
  <datafield tag="900" ind1=" " ind2=" ">
    <subfield code="a">J-NÁVRH-STT</subfield>
  </datafield>
  <controlfield tag="001">ntk20201089367</controlfield>
  <controlfield tag="003">CZ PrNK</controlfield>
  <controlfield tag="005">20201016115907.0</controlfield>
  <controlfield tag="008">201016|n|aznnnaabn           n a|a      </controlfield>
  <datafield tag="024" ind1="7" ind2=" ">
    <subfield code="a">0000000121405961</subfield>
    <subfield code="2">isni</subfield>
  </datafield>
  <datafield tag="024" ind1="7" ind2=" ">
    <subfield code="a">Q55193077</subfield>
    <subfield code="2">wikidata</subfield>
  </datafield>
  <datafield tag="040" ind1=" " ind2=" ">
    <subfield code="a">ABA013</subfield>
    <subfield code="b">cze</subfield>
    <subfield code="e">rda</subfield>
  </datafield>
  <datafield tag="046" ind1=" " ind2=" ">
    <subfield code="f">1553</subfield>
    <subfield code="g">1625</subfield>
  </datafield>
  <datafield tag="100" ind1="1" ind2=" ">
    <subfield code="a">Egenolff, Paul,</subfield>
    <subfield code="d">1553-1625</subfield>
    <subfield code="7">ntk20201089367</subfield>
  </datafield>
  <datafield tag="370" ind1=" " ind2=" ">
    <subfield code="c">Německo</subfield>
  </datafield>
  <datafield tag="370" ind1=" " ind2=" ">
    <subfield code="f">Marburg, Německo</subfield>
    <subfield code="s">1586</subfield>
    <subfield code="t">1621</subfield>
  </datafield>
  <datafield tag="372" ind1=" " ind2=" ">
    <subfield code="a">knihtisk</subfield>
    <subfield code="a">knižní produkce</subfield>
    <subfield code="a">vydávání a distribuce knih</subfield>
  </datafield>
  <datafield tag="374" ind1=" " ind2=" ">
    <subfield code="a">knihtiskaři</subfield>
    <subfield code="a">tiskaři</subfield>
    <subfield code="a">nakladatelé a vydavatelé</subfield>
  </datafield>
  <datafield tag="375" ind1=" " ind2=" ">
    <subfield code="a">muž</subfield>
  </datafield>
  <datafield tag="377" ind1=" " ind2=" ">
    <subfield code="a">lat</subfield>
    <subfield code="a">ger</subfield>
  </datafield>
  <datafield tag="400" ind1="1" ind2=" ">
    <subfield code="a">Egenolphus, Paulus,</subfield>
    <subfield code="d">1553-1625</subfield>
    <subfield code="0">o</subfield>
  </datafield>
  <datafield tag="400" ind1="1" ind2=" ">
    <subfield code="a">Egenolph, Paul,</subfield>
    <subfield code="d">1553-1625</subfield>
    <subfield code="0">o</subfield>
  </datafield>
  <datafield tag="400" ind1="1" ind2=" ">
    <subfield code="a">Egenolph, Paulus,</subfield>
    <subfield code="d">1553-1625</subfield>
    <subfield code="0">o</subfield>
  </datafield>
  <datafield tag="667" ind1=" " ind2=" ">
    <subfield code="a">http://d-nb.info/gnd/119660830.</subfield>
  </datafield>
  <datafield tag="670" ind1=" " ind2=" ">
    <subfield code="a">TRIGONOMETRIA PLANORUM MECHANICA. Oder Underricht unnd Beschreibung eines neuwen und sehr bequemen Geometrischen Instruments ... Beschrieben von BENJAMIN BRAMERO ... Gedruckt zu Marpurg: Bey Paul Egenolff, der löblichen Universitet Buchdrucker, 1617</subfield>
    <subfield code="b">autoritní forma</subfield>
    <subfield code="u">http://digital.slub-dresden.de/ppn265321662</subfield>
  </datafield>
  <datafield tag="670" ind1=" " ind2=" ">
    <subfield code="a">DNB, cit. 16. 10. 2020</subfield>
    <subfield code="b">autoritní forma, odkazy viz, datum narození a úmrtí, data a místo činnosti, biografické a profesní údaje</subfield>
    <subfield code="u">http://d-nb.info/gnd/119660830</subfield>
  </datafield>
  <datafield tag="678" ind1="0" ind2=" ">
    <subfield code="a">Německý knihtiskař a tiskař a nakladatel, činný v Marburgu v letech 1586-1621. V letech 1586-1607 působil také jako univerzitní tiskař tamtéž. Byl druhým synem frankfurtského tiskaře Lorenza Egenolffa (činným v 16. stol.) a synovcem tiskaře Christiana Egenolffa (1502-1555). Vyučil se pravděpodobně v tiskárně Egenolffových dědiců (Christian Egenolffs Erben). Byl též zetěm tiskaře a nakladatele Nicolause Hampela (1572-1652)</subfield>
  </datafield>
  <datafield tag="906" ind1=" " ind2=" ">
    <subfield code="a">za20201016</subfield>
    <subfield code="b">evbr</subfield>
  </datafield>
  <datafield tag="906" ind1=" " ind2=" ">
    <subfield code="a">ko20201016</subfield>
    <subfield code="b">evbr</subfield>
  </datafield>
</record>