

<record>
  <leader>     nz  a22     n  4500</leader>
  <datafield tag="900" ind1=" " ind2=" ">
    <subfield code="a">J-NÁVRH</subfield>
  </datafield>
  <controlfield tag="001">xx0252885</controlfield>
  <controlfield tag="003">CZ PrNK</controlfield>
  <controlfield tag="005">20201016145612.2</controlfield>
  <controlfield tag="008">201016|n|aznnnaabn           n a|a      </controlfield>
  <datafield tag="040" ind1=" " ind2=" ">
    <subfield code="a">ABE304</subfield>
    <subfield code="b">cze</subfield>
    <subfield code="e">rda</subfield>
  </datafield>
  <datafield tag="100" ind1="1" ind2=" ">
    <subfield code="a">Prampolini, Enrico,</subfield>
    <subfield code="d">1894-1956</subfield>
    <subfield code="7">xx0252885</subfield>
  </datafield>
  <datafield tag="370" ind1=" " ind2=" ">
    <subfield code="c">Itálie</subfield>
  </datafield>
  <datafield tag="372" ind1=" " ind2=" ">
    <subfield code="a">výtvarné umění</subfield>
    <subfield code="a">sochařství</subfield>
    <subfield code="a">malba</subfield>
    <subfield code="a">scénografie</subfield>
    <subfield code="a">kostýmní výtvarnictví</subfield>
    <subfield code="a">teorie umění</subfield>
    <subfield code="a">divadelní management</subfield>
  </datafield>
  <datafield tag="374" ind1=" " ind2=" ">
    <subfield code="a">scénografové</subfield>
    <subfield code="a">výtvarní umělci</subfield>
    <subfield code="a">malíři</subfield>
    <subfield code="a">sochaři</subfield>
    <subfield code="a">teoretici umění</subfield>
    <subfield code="a">divadelní ředitelé</subfield>
    <subfield code="a">kostýmní výtvarníci</subfield>
  </datafield>
  <datafield tag="375" ind1=" " ind2=" ">
    <subfield code="a">muž</subfield>
  </datafield>
  <datafield tag="377" ind1=" " ind2=" ">
    <subfield code="a">ita</subfield>
  </datafield>
  <datafield tag="670" ind1=" " ind2=" ">
    <subfield code="a">Prampolini, Enrico: Scenotecnica, 1940</subfield>
  </datafield>
  <datafield tag="670" ind1=" " ind2=" ">
    <subfield code="a">ICCU, cit. 16. 10. 2020</subfield>
    <subfield code="b">autoritní forma, biografická data a údaje</subfield>
  </datafield>
  <datafield tag="670" ind1=" " ind2=" ">
    <subfield code="a">www(Wikipedia, l'enciclopedia libera), cit. 16. 10. 2020</subfield>
    <subfield code="b">biografické údaje</subfield>
    <subfield code="u">https://it.wikipedia.org/wiki/Enrico_Prampolini</subfield>
  </datafield>
  <datafield tag="678" ind1="0" ind2=" ">
    <subfield code="a">Italský malíř, sochař, scénograf a kostýmní výtvarník, teoretik futurismu a divadelní ředitel.</subfield>
  </datafield>
  <datafield tag="906" ind1=" " ind2=" ">
    <subfield code="a">za20201016</subfield>
    <subfield code="b">xalso</subfield>
  </datafield>
</record>