

<record>
  <leader>     nz  a22     n  4500</leader>
  <datafield tag="900" ind1=" " ind2=" ">
    <subfield code="a">K-NÁVRH</subfield>
  </datafield>
  <controlfield tag="001">ko20201089448</controlfield>
  <controlfield tag="003">CZ PrNK</controlfield>
  <controlfield tag="005">20201017154632.0</controlfield>
  <controlfield tag="008">201017|n|aznnnaabn           n a|a      </controlfield>
  <datafield tag="040" ind1=" " ind2=" ">
    <subfield code="a">ABA001</subfield>
    <subfield code="b">cze</subfield>
    <subfield code="e">rda</subfield>
  </datafield>
  <datafield tag="111" ind1="2" ind2=" ">
    <subfield code="a">Mutações - Fontes Passionais da Violência (konference)</subfield>
    <subfield code="d">(2014 :</subfield>
    <subfield code="c">Rio de Janeiro, Brazílie;</subfield>
    <subfield code="c">São Paulo, Brazílie;</subfield>
    <subfield code="c">Brasília, Brazílie;</subfield>
    <subfield code="c">Curitiba, Brazílie)</subfield>
    <subfield code="7">ko20201089448</subfield>
  </datafield>
  <datafield tag="368" ind1=" " ind2=" ">
    <subfield code="a">konference</subfield>
    <subfield code="a">kongresy</subfield>
  </datafield>
  <datafield tag="370" ind1=" " ind2=" ">
    <subfield code="c">Brazílie</subfield>
    <subfield code="e">Rio de Janeiro, Brazílie</subfield>
    <subfield code="e">São Paulo, Brazílie</subfield>
    <subfield code="e">Brasília, Brazílie</subfield>
    <subfield code="e">Curitiba, Brazílie</subfield>
  </datafield>
  <datafield tag="372" ind1=" " ind2=" ">
    <subfield code="a">násilí</subfield>
    <subfield code="a">civilizace</subfield>
    <subfield code="a">člověk a společnost</subfield>
    <subfield code="a">lidstvo</subfield>
  </datafield>
  <datafield tag="377" ind1=" " ind2=" ">
    <subfield code="a">por</subfield>
    <subfield code="a">fre</subfield>
  </datafield>
  <datafield tag="411" ind1="2" ind2=" ">
    <subfield code="a">Ciclo de Conferências Mutações - Fontes Passionais da Violência (konference)</subfield>
    <subfield code="d">(2014 :</subfield>
    <subfield code="c">Rio de Janeiro, Brazílie;</subfield>
    <subfield code="c">São Paulo, Brazílie;</subfield>
    <subfield code="c">Brasília, Brazílie;</subfield>
    <subfield code="c">Curitiba, Brazílie)</subfield>
    <subfield code="0">o</subfield>
  </datafield>
  <datafield tag="670" ind1=" " ind2=" ">
    <subfield code="a">Mutações : fontes passionais da violência</subfield>
    <subfield code="b">autoritní forma</subfield>
  </datafield>
  <datafield tag="670" ind1=" " ind2=" ">
    <subfield code="a">LC (Names), cit. 17.10.2020</subfield>
    <subfield code="b">autoritní forma; odkaz viz</subfield>
  </datafield>
  <datafield tag="906" ind1=" " ind2=" ">
    <subfield code="a">za20201017</subfield>
    <subfield code="b">klou</subfield>
  </datafield>
</record>